{"11":{"id":11,"title":"Star Wars","tagline":"A long time ago in a galaxy far, far away...","overview":"Princess Leia is captured and held hostage by the evil Imperial forces in their effort to take over the galactic Empire. Venturesome Luke Skywalker and dashing captain Han Solo team together with the loveable robot duo R2-D2 and C-3PO to rescue the beautiful princess and restore peace and justice in the Empire.","popularity":43.788475,"rating":8.1,"ratingCount":8848,"runtime":121,"releaseDate":"1977-05-25","revenue":775398007,"budget":11000000,"posterPath":"/btTdmkgIvOi0FFip1sPuZI2oQG6.jpg","originalLanguage":"en","genres":[{"id":12,"name":"Adventure"},{"id":28,"name":"Action"},{"id":878,"name":"Science Fiction"}],"cast":[{"id":2,"gender":2,"name":"Mark Hamill","character":"Luke Skywalker","profilePath":"/fk8OfdReNltKZqOk2TZgkofCUFq.jpg"},{"id":3,"gender":2,"name":"Harrison Ford","character":"Han Solo","profilePath":"/7LOTdRfHU1H1qHBxpUv3jT04eWB.jpg"},{"id":4,"gender":1,"name":"Carrie Fisher","character":"Princess Leia Organa","profilePath":"/oVYiGe4GzgQkoJfdHg8qKqEoWJz.jpg"},{"id":5,"gender":2,"name":"Peter Cushing","character":"Grand Moff Tarkin","profilePath":"/1qtKVu16REL2YLVrhayjVey4al.jpg"},{"id":12248,"gender":2,"name":"Alec Guinness","character":"Obi-Wan \"Ben\" Kenobi","profilePath":"/nv3ppxgUQJytFGXZNde4f9ZlshB.jpg"},{"id":6,"gender":2,"name":"Anthony Daniels","character":"See Threepio (C-3PO)","profilePath":"/cljvryjb3VwTsNR7fjQKjNPMaBB.jpg"},{"id":130,"gender":2,"name":"Kenny Baker","character":"Artoo-Detoo (R2-D2)","profilePath":"/sdd9rgifNF9C51RejG7sUGU8Bka.jpg"}]},"12":{"id":12,"title":"Finding Nemo","tagline":"There are 3.7 trillion fish in the ocean. They're looking for one.","overview":"Nemo, an adventurous young clownfish, is unexpectedly taken from his Great Barrier Reef home to a dentist's office aquarium. It's up to his worrisome father Marlin and a friendly but forgetful fish Dory to bring Nemo home -- meeting vegetarian sharks, surfer dude turtles, hypnotic jellyfish, hungry seagulls, and more along the way.","popularity":22.619522,"rating":7.7,"ratingCount":8422,"runtime":100,"releaseDate":"2003-05-30","revenue":940335536,"budget":94000000,"posterPath":"/syPWyeeqzTQIxjIUaIFI7d0TyEY.jpg","originalLanguage":"en","genres":[{"id":16,"name":"Animation"},{"id":10751,"name":"Family"}],"cast":[{"id":13,"gender":2,"name":"Albert Brooks","character":"Marlin (voice)","profilePath":"/kahlMTdygrPJ28VYRhKPavYD9hs.jpg"},{"id":14,"gender":1,"name":"Ellen DeGeneres","character":"Dory (voice)","profilePath":"/wBB6C4IGsYlHzIEMW6Q3JIvNAfz.jpg"},{"id":12,"gender":2,"name":"Alexander Gould","character":"Nemo (voice)","profilePath":"/c4EHOhxzwx7uDBxC8zODvKAEFGX.jpg"},{"id":5293,"gender":2,"name":"Willem Dafoe","character":"Gill (voice)","profilePath":"/7t8fhfaFBoS9VOo3OPXCfK516eI.jpg"},{"id":18,"gender":2,"name":"Brad Garrett","character":"Bloat (voice)","profilePath":"/wXihtlnIvqP2oSNj33hiorDd3v9.jpg"},{"id":19,"gender":1,"name":"Allison Janney","character":"Peach (voice)","profilePath":"/hpBKWV1jjoXQbr1s0iUZTSvw582.jpg"},{"id":17401,"gender":2,"name":"Stephen Root","character":"Bubbles (voice)","profilePath":"/sceCvLiv8xe2jQzrVn39wvosVHG.jpg"}]},"13":{"id":13,"title":"Forrest Gump","tagline":"OVERRATED!","overview":"A man with a low IQ has accomplished great things in his life and been present during significant historic events - in each case, far exceeding what anyone imagined he could do. Yet, despite all the things he has attained, his one true love eludes him. 'Forrest Gump' is the story of a man who rose above his challenges, and who proved that determination, courage, and love are more important than ability.","popularity":23.694098,"rating":8.3,"ratingCount":10742,"runtime":142,"releaseDate":"1994-07-06","revenue":677945399,"budget":55000000,"posterPath":"/yE5d3BUhE8hCnkMUJOo1QDoOGNz.jpg","originalLanguage":"en","genres":[{"id":35,"name":"Comedy"},{"id":18,"name":"Drama"},{"id":10749,"name":"Romance"}],"cast":[{"id":31,"gender":2,"name":"Tom Hanks","character":"Forrest Gump","profilePath":"/a14CNByTYALAPSGlwlmfHILpEIW.jpg"},{"id":32,"gender":1,"name":"Robin Wright","character":"Jenny Curran","profilePath":"/tXfQTgcIEPP7gtVdJ44ZxZPhacn.jpg"},{"id":33,"gender":2,"name":"Gary Sinise","character":"Lt. Dan Taylor","profilePath":"/ngYV91xYfCu0JNcSxJ4yQ7tzOna.jpg"},{"id":34,"gender":2,"name":"Mykelti Williamson","character":"Pvt. Benjamin Buford 'Bubba' Blue","profilePath":"/8TTxzpuvvpw2tB8xZBCDslYupNU.jpg"},{"id":35,"gender":1,"name":"Sally Field","character":"Mrs. Gump","profilePath":"/ymhpsxujOO3a9qaGYSpkenCt9Le.jpg"},{"id":37821,"gender":2,"name":"Michael Conner Humphreys","character":"Young Forrest Gump","profilePath":"/vMEHkoxaJ7sn6rFYwfPLw2h6sb5.jpg"},{"id":204997,"gender":1,"name":"Hanna Hall","character":"Young Jenny Curran","profilePath":"/tBk5mZmRsrWhIZRpza6QAQp4zdz.jpg"}]},"22":{"id":22,"title":"Pirates of the Caribbean: The Curse of the Black Pearl","tagline":"Prepare to be blown out of the water.","overview":"Jack Sparrow, a freewheeling 17th-century pirate, quarrels with a rival pirate bent on pillaging Port Royal. When the governor's daughter is kidnapped, Sparrow decides to help the girl's love save her.","popularity":37.488064,"rating":7.6,"ratingCount":9304,"runtime":143,"releaseDate":"2003-07-09","revenue":655011224,"budget":140000000,"posterPath":"/tkt9xR1kNX5R9rCebASKck44si2.jpg","originalLanguage":"en","genres":[{"id":12,"name":"Adventure"},{"id":14,"name":"Fantasy"},{"id":28,"name":"Action"}],"cast":[{"id":85,"gender":2,"name":"Johnny Depp","character":"Captain Jack Sparrow","profilePath":"/ea4fTp9T8Zy2KWxyFsqDIBgHZmb.jpg"},{"id":118,"gender":2,"name":"Geoffrey Rush","character":"Captain Hector Barbossa","profilePath":"/5h91WHSK80YtqTk1bMiar2IZzO2.jpg"},{"id":114,"gender":2,"name":"Orlando Bloom","character":"Will Turner","profilePath":"/kKWJlX2tcjqceSfUxnV7Jle5Kt.jpg"},{"id":116,"gender":1,"name":"Keira Knightley","character":"Elizabeth Swann","profilePath":"/nU126foC9zdl8VDnL9J3gqn9Igb.jpg"},{"id":1709,"gender":2,"name":"Jack Davenport","character":"Commodore James Norrington","profilePath":"/4asp2xBJS98Tx8yKTLyWn7fjLKj.jpg"},{"id":378,"gender":2,"name":"Jonathan Pryce","character":"Governor Weatherby Swann","profilePath":"/dAgcoPcDtlhIUTrksPtsWdlfBX.jpg"},{"id":2449,"gender":2,"name":"Kevin McNally","character":"Joshamee Gibbs","profilePath":"/fIJF3TZn8ckHkcl44oX77GvPv9e.jpg"}]},"24":{"id":24,"title":"Kill Bill: Vol. 1","tagline":"Go for the kill.","overview":"An assassin is shot at the altar by her ruthless employer, Bill and other members of their assassination circle – but 'The Bride' lives to plot her vengeance. Setting out for some payback, she makes a death list and hunts down those who wronged her, saving Bill for last.","popularity":22.464692,"rating":7.8,"ratingCount":6820,"runtime":111,"releaseDate":"2003-10-10","revenue":180949045,"budget":30000000,"posterPath":"/97fNAi62HawGjWru7PvVmF7RAbU.jpg","originalLanguage":"en","genres":[{"id":28,"name":"Action"},{"id":80,"name":"Crime"}],"cast":[{"id":139,"gender":1,"name":"Uma Thurman","character":"Beatrix 'The Bride' Kiddo","profilePath":"/43DjE9bGtR8z7ejCRvf2tPXPpm1.jpg"},{"id":140,"gender":1,"name":"Lucy Liu","character":"O-Ren Ishii","profilePath":"/9nbtjqsx3De7hO2XDtrBQ7M9VCH.jpg"},{"id":2535,"gender":1,"name":"Vivica A. Fox","character":"Vernita Green","profilePath":"/uxTOzgRhk0VkbK1ZiOrQSTYuzAl.jpg"},{"id":589,"gender":1,"name":"Daryl Hannah","character":"Elle Driver","profilePath":"/4LLmp6AQdlj6ueGCRbVRSGvvFSt.jpg"},{"id":141,"gender":2,"name":"David Carradine","character":"Bill","profilePath":"/wCvrY9PUKtN6NwkmLHWLJivCCov.jpg"},{"id":147,"gender":2,"name":"Michael Madsen","character":"Budd","profilePath":"/azCognW0p1hl2bJFH31ZNtcTJ3R.jpg"},{"id":2539,"gender":1,"name":"Julie Dreyfus","character":"Sofie Fatale","profilePath":"/vkUvcV6oFkZXcIv4SGeW66LUoqC.jpg"}]},"58":{"id":58,"title":"Pirates of the Caribbean: Dead Man's Chest","tagline":"Jack is back!","overview":"Captain Jack Sparrow works his way out of a blood debt with the ghostly Davey Jones, he also attempts to avoid eternal damnation.","popularity":28.01845,"rating":7.1,"ratingCount":7027,"runtime":151,"releaseDate":"2006-06-20","revenue":1065659812,"budget":200000000,"posterPath":"/waFr5RVKaQ9dzOt3nQuIVB1FiPu.jpg","originalLanguage":"en","genres":[{"id":12,"name":"Adventure"},{"id":14,"name":"Fantasy"},{"id":28,"name":"Action"}],"cast":[{"id":85,"gender":2,"name":"Johnny Depp","character":"Captain Jack Sparrow","profilePath":"/ea4fTp9T8Zy2KWxyFsqDIBgHZmb.jpg"},{"id":114,"gender":2,"name":"Orlando Bloom","character":"Will Turner","profilePath":"/kKWJlX2tcjqceSfUxnV7Jle5Kt.jpg"},{"id":116,"gender":1,"name":"Keira Knightley","character":"Elizabeth Swann","profilePath":"/nU126foC9zdl8VDnL9J3gqn9Igb.jpg"},{"id":1640,"gender":2,"name":"Stellan Skarsgård","character":"William \"Bootstrap Bill\" Turner","profilePath":"/zSCU2agleLtJEvzj98jEesVhBxa.jpg"},{"id":2440,"gender":2,"name":"Bill Nighy","character":"Captain Davy Jones","profilePath":"/imAkeJi8C8ZHpPPB8RP92AD3kYW.jpg"},{"id":1709,"gender":2,"name":"Jack Davenport","character":"James Norrington","profilePath":"/4asp2xBJS98Tx8yKTLyWn7fjLKj.jpg"},{"id":2449,"gender":2,"name":"Kevin McNally","character":"Joshamee Gibbs","profilePath":"/fIJF3TZn8ckHkcl44oX77GvPv9e.jpg"}]},"62":{"id":62,"title":"2001: A Space Odyssey","tagline":"An epic drama of adventure and exploration","overview":"Humanity finds a mysterious object buried beneath the lunar surface and sets off to find its origins with the help of HAL 9000, the world's most advanced super computer.","popularity":26.947042,"rating":7.9,"ratingCount":4118,"runtime":149,"releaseDate":"1968-04-09","revenue":68700000,"budget":10500000,"posterPath":"/90T7b2LIrL07ndYQBmSm09yqVEH.jpg","originalLanguage":"en","genres":[{"id":878,"name":"Science Fiction"},{"id":9648,"name":"Mystery"},{"id":12,"name":"Adventure"}],"cast":[{"id":245,"gender":2,"name":"Keir Dullea","character":"Dr. Dave Bowman","profilePath":"/uaTmZoV2ULUBXdFpMBXS3gf2Dxq.jpg"},{"id":246,"gender":2,"name":"Gary Lockwood","character":"Dr. Frank Poole","profilePath":"/93PNFjRuV3u4SRFwmvaAMZ4HNna.jpg"},{"id":253,"gender":2,"name":"Douglas Rain","character":"Voice of HAL 9000","profilePath":"/pKrnsL8g6AVoHZljLCPhOQJWFQl.jpg"},{"id":247,"gender":2,"name":"William Sylvester","character":"Dr. Heywood R. Floyd","profilePath":"/iz3JAVIColzTaQ3PFvxdlFaCzfW.jpg"},{"id":251,"gender":2,"name":"Robert Beatty","character":"Dr. Ralph Halvorsen","profilePath":"/nQrvFDN5pIo4y5qHRgsCJ3zpoQM.jpg"},{"id":252,"gender":2,"name":"Sean Sullivan","character":"Dr. Bill Michaels","profilePath":"/joE4WRGnRxLpZ6gyEPQuiA1VOsb.jpg"},{"id":249,"gender":2,"name":"Leonard Rossiter","character":"Dr. Andrei Smyslov","profilePath":"/wrnVw2YGa7Kk5Lva0yZbLaPKcXp.jpg"}]},"78":{"id":78,"title":"Blade Runner","tagline":"Man has made his match... now it's his problem.","overview":"In the smog-choked dystopian Los Angeles of 2019, blade runner Rick Deckard is called out of retirement to terminate a quartet of replicants who have escaped to Earth seeking their creator for a way to extend their short life spans.","popularity":22.541746,"rating":7.9,"ratingCount":5653,"runtime":117,"releaseDate":"1982-06-25","revenue":0,"budget":10000000,"posterPath":"/5ig0kdWz5kxR4PHjyCgyI5khCzd.jpg","originalLanguage":"en","genres":[{"id":878,"name":"Science Fiction"},{"id":18,"name":"Drama"},{"id":53,"name":"Thriller"}],"cast":[{"id":3,"gender":2,"name":"Harrison Ford","character":"Rick Deckard","profilePath":"/7LOTdRfHU1H1qHBxpUv3jT04eWB.jpg"},{"id":585,"gender":2,"name":"Rutger Hauer","character":"Roy Batty","profilePath":"/2x1S2VAUvZXZuDjZ4E9iEKINvNu.jpg"},{"id":586,"gender":1,"name":"Sean Young","character":"Rachael","profilePath":"/4zgkRFQruIlaJ4JakNZLoKJ70fH.jpg"},{"id":587,"gender":2,"name":"Edward James Olmos","character":"Gaff","profilePath":"/i7zKqsFqL5L1HPmAMeSA1xZzlD5.jpg"},{"id":588,"gender":2,"name":"M. Emmet Walsh","character":"Bryant","profilePath":"/dLf79xlsmE40rog0gryjxsZJzml.jpg"},{"id":589,"gender":1,"name":"Daryl Hannah","character":"Pris","profilePath":"/4LLmp6AQdlj6ueGCRbVRSGvvFSt.jpg"},{"id":590,"gender":2,"name":"William Sanderson","character":"J.F. Sebastian","profilePath":"/vR2EnhcPUqkIeXmHf10Sokeuw1J.jpg"}]},"101":{"id":101,"title":"Leon: The Professional","tagline":"If you want a job done well, hire a professional.","overview":"Leon, the top hit man in New York, has earned a rep as an effective \"cleaner\". But when his next-door neighbors are wiped out by a loose-cannon DEA agent, he becomes the unwilling custodian of 12-year-old Mathilda. Before long, Mathilda's thoughts turn to revenge, and she considers following in Leon's footsteps.","popularity":24.281677,"rating":8.2,"ratingCount":5617,"runtime":110,"releaseDate":"1994-09-14","revenue":45284974,"budget":16000000,"posterPath":"/gE8S02QUOhVnAmYu4tcrBlMTujz.jpg","originalLanguage":"fr","genres":[{"id":53,"name":"Thriller"},{"id":80,"name":"Crime"},{"id":18,"name":"Drama"}],"cast":[{"id":1003,"gender":2,"name":"Jean Reno","character":"Léon Montana","profilePath":"/cdsN5efCYGQWlPrj7vFlZRBTR16.jpg"},{"id":524,"gender":1,"name":"Natalie Portman","character":"Mathilda Lando","profilePath":"/rtLTG4yrEcROXhTBGXMrbyiUEC5.jpg"},{"id":64,"gender":2,"name":"Gary Oldman","character":"Norman Stansfield","profilePath":"/tofLS5A6lBXNjeROGvgpfe2JwaT.jpg"},{"id":1004,"gender":2,"name":"Danny Aiello","character":"Tony","profilePath":"/UvPalkz4ynJJrTcrbpfD05gVoO.jpg"},{"id":1005,"gender":2,"name":"Peter Appel","character":"Malky","profilePath":"/f2iffQFEqefoFvg4G3yC9n8WDzt.jpg"},{"id":1010,"gender":2,"name":"Michael Badalucco","character":"Mathilda's Father","profilePath":"/oK2pSu2FWyrwiPEch7Tux2GSMbK.jpg"},{"id":13420,"gender":1,"name":"Ellen Greene","character":"Mathilda's Mother","profilePath":"/nJzE8dS38hxbALr5LZ88BYt8dm0.jpg"}]},"120":{"id":120,"title":"The Lord of the Rings: The Fellowship of the Ring","tagline":"One ring to rule them all","overview":"Young hobbit Frodo Baggins, after inheriting a mysterious ring from his uncle Bilbo, must leave his home in order to keep it from falling into the hands of its evil creator. Along the way, a fellowship is formed to protect the ringbearer and make sure that the ring arrives at its final destination: Mt. Doom, the only place where it can be destroyed.","popularity":38.867162,"rating":8.2,"ratingCount":11109,"runtime":178,"releaseDate":"2001-12-18","revenue":871368364,"budget":93000000,"posterPath":"/bi9JddwTwBt3ixGLAiMAF7OXMbV.jpg","originalLanguage":"en","genres":[{"id":12,"name":"Adventure"},{"id":14,"name":"Fantasy"},{"id":28,"name":"Action"}],"cast":[{"id":109,"gender":2,"name":"Elijah Wood","character":"Frodo Baggins","profilePath":"/hHzLAVspGGuPg1KW5JAEsyRvnUT.jpg"},{"id":1327,"gender":2,"name":"Ian McKellen","character":"Gandalf the Grey","profilePath":"/coWjgMEYJjk2OrNddlXCBm8EIr3.jpg"},{"id":110,"gender":2,"name":"Viggo Mortensen","character":"Aragorn","profilePath":"/qmC8XfeiFhQtJGKlUk5KyGkPoWp.jpg"},{"id":1328,"gender":2,"name":"Sean Astin","character":"Samwise \"Sam\" Gamgee","profilePath":"/m40tSOPKJScFY7acY0hEWtE1ncR.jpg"},{"id":882,"gender":1,"name":"Liv Tyler","character":"Arwen Evenstar","profilePath":"/lD2YnrKdnRUvFDMSiK2pw13ZMIB.jpg"},{"id":114,"gender":2,"name":"Orlando Bloom","character":"Legolas","profilePath":"/kKWJlX2tcjqceSfUxnV7Jle5Kt.jpg"},{"id":655,"gender":2,"name":"John Rhys-Davies","character":"Gimli","profilePath":"/dvT1NPY8CXIVQh0O1h6rpfYOgKz.jpg"}]},"121":{"id":121,"title":"The Lord of the Rings: The Two Towers","tagline":"A New Power Is Rising.","overview":"Frodo and Sam are trekking to Mordor to destroy the One Ring of Power while Gimli, Legolas and Aragorn search for the orc-captured Merry and Pippin. All along, nefarious wizard Saruman awaits the Fellowship members at the Orthanc Tower in Isengard.","popularity":23.485567,"rating":8.1,"ratingCount":9591,"runtime":179,"releaseDate":"2002-12-18","revenue":926287400,"budget":79000000,"posterPath":"/5VTN0pR8gcqV3EPUHHfMGnJYN9L.jpg","originalLanguage":"en","genres":[{"id":12,"name":"Adventure"},{"id":14,"name":"Fantasy"},{"id":28,"name":"Action"}],"cast":[{"id":109,"gender":2,"name":"Elijah Wood","character":"Frodo Baggins","profilePath":"/hHzLAVspGGuPg1KW5JAEsyRvnUT.jpg"},{"id":1327,"gender":2,"name":"Ian McKellen","character":"Gandalf the White","profilePath":"/coWjgMEYJjk2OrNddlXCBm8EIr3.jpg"},{"id":110,"gender":2,"name":"Viggo Mortensen","character":"Aragorn","profilePath":"/qmC8XfeiFhQtJGKlUk5KyGkPoWp.jpg"},{"id":1328,"gender":2,"name":"Sean Astin","character":"Samwise \"Sam\" Gamgee","profilePath":"/m40tSOPKJScFY7acY0hEWtE1ncR.jpg"},{"id":882,"gender":1,"name":"Liv Tyler","character":"Arwen Evenstar","profilePath":"/lD2YnrKdnRUvFDMSiK2pw13ZMIB.jpg"},{"id":114,"gender":2,"name":"Orlando Bloom","character":"Legolas","profilePath":"/kKWJlX2tcjqceSfUxnV7Jle5Kt.jpg"},{"id":655,"gender":2,"name":"John Rhys-Davies","character":"Gimli / Treebeard (voice)","profilePath":"/dvT1NPY8CXIVQh0O1h6rpfYOgKz.jpg"}]},"122":{"id":122,"title":"The Lord of the Rings: The Return of the King","tagline":"The eye of the enemy is moving.","overview":"Aragorn is revealed as the heir to the ancient kings as he, Gandalf and the other members of the broken fellowship struggle to save Gondor from Sauron's forces. Meanwhile, Frodo and Sam bring the ring closer to the heart of Mordor, the dark lord's realm.","popularity":28.151777,"rating":8.3,"ratingCount":10194,"runtime":201,"releaseDate":"2003-12-01","revenue":1118888979,"budget":94000000,"posterPath":"/rCzpDGLbOoPwLjy3OAm5NUPOTrC.jpg","originalLanguage":"en","genres":[{"id":12,"name":"Adventure"},{"id":14,"name":"Fantasy"},{"id":28,"name":"Action"}],"cast":[{"id":109,"gender":2,"name":"Elijah Wood","character":"Frodo Baggins","profilePath":"/hHzLAVspGGuPg1KW5JAEsyRvnUT.jpg"},{"id":1327,"gender":2,"name":"Ian McKellen","character":"Gandalf the White","profilePath":"/coWjgMEYJjk2OrNddlXCBm8EIr3.jpg"},{"id":110,"gender":2,"name":"Viggo Mortensen","character":"Aragorn","profilePath":"/qmC8XfeiFhQtJGKlUk5KyGkPoWp.jpg"},{"id":1328,"gender":2,"name":"Sean Astin","character":"Sam Gamgee","profilePath":"/m40tSOPKJScFY7acY0hEWtE1ncR.jpg"},{"id":882,"gender":1,"name":"Liv Tyler","character":"Arwen Evenstar","profilePath":"/lD2YnrKdnRUvFDMSiK2pw13ZMIB.jpg"},{"id":114,"gender":2,"name":"Orlando Bloom","character":"Legolas","profilePath":"/kKWJlX2tcjqceSfUxnV7Jle5Kt.jpg"},{"id":655,"gender":2,"name":"John Rhys-Davies","character":"Gimli & Treebeard (Voice)","profilePath":"/dvT1NPY8CXIVQh0O1h6rpfYOgKz.jpg"}]},"155":{"id":155,"title":"The Dark Knight","tagline":"Why So Serious?","overview":"Batman raises the stakes in his war on crime. With the help of Lt. Jim Gordon and District Attorney Harvey Dent, Batman sets out to dismantle the remaining criminal organizations that plague the streets. The partnership proves to be effective, but they soon find themselves prey to a reign of chaos unleashed by a rising criminal mastermind known to the terrified citizens of Gotham as the Joker.","popularity":29.933566,"rating":8.3,"ratingCount":14925,"runtime":152,"releaseDate":"2008-07-16","revenue":1004558444,"budget":185000000,"posterPath":"/1hRoyzDtpgMU7Dz4JF22RANzQO7.jpg","originalLanguage":"en","genres":[{"id":18,"name":"Drama"},{"id":28,"name":"Action"},{"id":80,"name":"Crime"},{"id":53,"name":"Thriller"}],"cast":[{"id":3894,"gender":2,"name":"Christian Bale","character":"Bruce Wayne / Batman","profilePath":"/pPXnqoGD91znz4FwQ6aKuxi6Pcy.jpg"},{"id":3895,"gender":2,"name":"Michael Caine","character":"Alfred Pennyworth","profilePath":"/vvj0JMSFpOajXCE46Hy4dyqSP2U.jpg"},{"id":1810,"gender":2,"name":"Heath Ledger","character":"Joker","profilePath":"/5Y9HnYYa9jF4NunY9lSgJGjSe8E.jpg"},{"id":6383,"gender":2,"name":"Aaron Eckhart","character":"Harvey Dent","profilePath":"/aRSofX2rMpOhPanB9Wh7veYmFn4.jpg"},{"id":64,"gender":2,"name":"Gary Oldman","character":"James Gordon","profilePath":"/tofLS5A6lBXNjeROGvgpfe2JwaT.jpg"},{"id":1579,"gender":1,"name":"Maggie Gyllenhaal","character":"Rachel Dawes","profilePath":"/qxgM5LzzG4uWTprCL3gBVVJ2Q1K.jpg"},{"id":192,"gender":2,"name":"Morgan Freeman","character":"Lucius Fox","profilePath":"/oGJQhOpT8S1M56tvSsbEBePV5O1.jpg"}]},"176":{"id":176,"title":"Saw","tagline":"Live or die. Make your choice.","overview":"Obsessed with teaching his victims the value of life, a deranged, sadistic serial killer abducts the morally wayward. Once captured, they must face impossible choices in a horrific game of survival. The victims must fight to win their lives back, or die trying...","popularity":22.365593,"rating":7.3,"ratingCount":3394,"runtime":103,"releaseDate":"2004-10-01","revenue":103911669,"budget":1200000,"posterPath":"/dHYvIgsax8ZFgkz1OslE4V6Pnf5.jpg","originalLanguage":"en","genres":[{"id":27,"name":"Horror"},{"id":9648,"name":"Mystery"},{"id":80,"name":"Crime"}],"cast":[{"id":2130,"gender":2,"name":"Cary Elwes","character":"Dr. Lawrence Gordon","profilePath":"/wmvYoJHStQeQzrpqOM9tkvf1wwF.jpg"},{"id":2047,"gender":2,"name":"Danny Glover","character":"Detective David Tapp","profilePath":"/jSNTEnm0Sxm8FRtoBfJmhmQyozH.jpg"},{"id":2140,"gender":1,"name":"Monica Potter","character":"Alison Gordon","profilePath":"/eHLvw07VvLiqDkacrsMhMj2lNzp.jpg"},{"id":2136,"gender":2,"name":"Michael Emerson","character":"Zep Hindle","profilePath":"/ffl164K7YJMMFCCxhWP7kWU7sOn.jpg"},{"id":2131,"gender":2,"name":"Ken Leung","character":"Detective Steven Sing","profilePath":"/kftJqCNab1x5W29b46rLUeXkwZi.jpg"},{"id":2144,"gender":2,"name":"Tobin Bell","character":"John Kramer (a.k.a. Jigsaw)","profilePath":"/vbu4iHKY46zJ6K8B5jGJxB1ffp4.jpg"},{"id":2128,"gender":2,"name":"Leigh Whannell","character":"Adam","profilePath":"/cEy5gYVsjC7YL5Q53lkwjqYWP22.jpg"}]},"189":{"id":189,"title":"Sin City: A Dame to Kill For","tagline":"There is no justice without sin.","overview":"Some of Sin City's most hard-boiled citizens cross paths with a few of its more reviled inhabitants.","popularity":26.189413,"rating":6.3,"ratingCount":1709,"runtime":102,"releaseDate":"2014-08-20","revenue":39407616,"budget":65000000,"posterPath":"/k80qKrJ0qQ6ocVo5N932stNSg6j.jpg","originalLanguage":"en","genres":[{"id":80,"name":"Crime"},{"id":53,"name":"Thriller"}],"cast":[{"id":2295,"gender":2,"name":"Mickey Rourke","character":"Marv","profilePath":"/AvGzQ8fvjurGmZW3W1wlQ5WfSeT.jpg"},{"id":56731,"gender":1,"name":"Jessica Alba","character":"Nancy","profilePath":"/yMiHrSyrv5u8qwfi3T8EuI4VPFk.jpg"},{"id":16851,"gender":2,"name":"Josh Brolin","character":"Dwight","profilePath":"/x8KKnvHyPvH16M6waAnY1OeCtA8.jpg"},{"id":24045,"gender":2,"name":"Joseph Gordon-Levitt","character":"Johnny","profilePath":"/zSuXCR6xCKIgo0gWLdp8moMlH3I.jpg"},{"id":5916,"gender":1,"name":"Rosario Dawson","character":"Gail","profilePath":"/9MyVwYM5JiMnQvNiRVwX5k7Y5m5.jpg"},{"id":62,"gender":2,"name":"Bruce Willis","character":"Hartigan","profilePath":"/kI1OluWhLJk3pnR19VjOfABpnTY.jpg"},{"id":10912,"gender":1,"name":"Eva Green","character":"Ava","profilePath":"/wqK0BhMuNBvDqIg1bwT9RhYMy6L.jpg"}]},"238":{"id":238,"title":"The Godfather","tagline":"An offer you can't refuse.","overview":"Spanning the years 1945 to 1955, a chronicle of the fictional Italian-American Corleone crime family. When organized crime family patriarch, Vito Corleone barely survives an attempt on his life, his youngest son, Michael steps in to take care of the would-be killers, launching a campaign of bloody revenge.","popularity":28.611213,"rating":8.5,"ratingCount":7705,"runtime":175,"releaseDate":"1972-03-14","revenue":245066411,"budget":6000000,"posterPath":"/rPdtLWNsZmAtoZl9PK7S2wE3qiS.jpg","originalLanguage":"en","genres":[{"id":18,"name":"Drama"},{"id":80,"name":"Crime"}],"cast":[{"id":3084,"gender":2,"name":"Marlon Brando","character":"Don Vito Corleone","profilePath":"/84aAmVDUiQqzkfliOBemb7FaiuD.jpg"},{"id":1158,"gender":2,"name":"Al Pacino","character":"Michael Corleone","profilePath":"/ks7Ba8x9fJUlP9decBr6Dh5mThX.jpg"},{"id":3085,"gender":2,"name":"James Caan","character":"Santino 'Sonny' Corleone","profilePath":"/lDUG4hn0H4vzmSbmLHZcVrAgWF1.jpg"},{"id":3086,"gender":0,"name":"Richard S. Castellano","character":"Pete Clemenza","profilePath":"/uBNqpxmlNSX7FJeubO1g3nlrrkF.jpg"},{"id":3087,"gender":2,"name":"Robert Duvall","character":"Tom Hagen","profilePath":"/1aBC7NxPy10ofng6HsJBecJ1vMZ.jpg"},{"id":3088,"gender":2,"name":"Sterling Hayden","character":"Capt. Mark McCluskey","profilePath":"/zFntWs4OdfXszzEauHrMURQJkRD.jpg"},{"id":3142,"gender":2,"name":"John Marley","character":"Jack Woltz","profilePath":"/8XhyUzSWIhcHQSBURSCjydRe2Fx.jpg"}]},"272":{"id":272,"title":"Batman Begins","tagline":"Evil fears the knight.","overview":"Driven by tragedy, billionaire Bruce Wayne dedicates his life to uncovering and defeating the corruption that plagues his home, Gotham City.  Unable to work within the system, he instead creates a new identity, a symbol of fear for the criminal underworld - The Batman.","popularity":30.565935,"rating":7.5,"ratingCount":9475,"runtime":140,"releaseDate":"2005-06-10","revenue":374218673,"budget":150000000,"posterPath":"/dr6x4GyyegBWtinPBzipY02J2lV.jpg","originalLanguage":"en","genres":[{"id":28,"name":"Action"},{"id":80,"name":"Crime"},{"id":18,"name":"Drama"}],"cast":[{"id":3894,"gender":2,"name":"Christian Bale","character":"Bruce Wayne / Batman","profilePath":"/pPXnqoGD91znz4FwQ6aKuxi6Pcy.jpg"},{"id":3895,"gender":2,"name":"Michael Caine","character":"Alfred Pennyworth","profilePath":"/vvj0JMSFpOajXCE46Hy4dyqSP2U.jpg"},{"id":3896,"gender":2,"name":"Liam Neeson","character":"Henri Ducard","profilePath":"/9mdAohLsDu36WaXV2N3SQ388bvz.jpg"},{"id":3897,"gender":1,"name":"Katie Holmes","character":"Rachel Dawes","profilePath":"/eYeE0Z1sOvqxt7LsQHK30vUfWaM.jpg"},{"id":64,"gender":2,"name":"Gary Oldman","character":"James Gordon","profilePath":"/tofLS5A6lBXNjeROGvgpfe2JwaT.jpg"},{"id":2037,"gender":2,"name":"Cillian Murphy","character":"Dr. Jonathan Crane / Scarecrow","profilePath":"/3DZAf9CwXmfV2HZOEdqeZAGTndV.jpg"},{"id":207,"gender":2,"name":"Tom Wilkinson","character":"Carmine Falcone","profilePath":"/4mxZKgdem0sQ8hJd0Y7TREwq7TJ.jpg"}]},"278":{"id":278,"title":"The Shawshank Redemption","tagline":"Fear can hold you prisoner. Hope can set you free.","overview":"Framed in the 1940s for the double murder of his wife and her lover, upstanding banker Andy Dufresne begins a new life at the Shawshank prison, where he puts his accounting skills to work for an amoral warden. During his long stretch in prison, Dufresne comes to be admired by the other inmates -- including an older prisoner named Red -- for his integrity and unquenchable sense of hope.","popularity":30.384739,"rating":8.6,"ratingCount":10187,"runtime":142,"releaseDate":"1994-09-23","revenue":28341469,"budget":25000000,"posterPath":"/9O7gLzmreU0nGkIB6K3BsJbzvNv.jpg","originalLanguage":"en","genres":[{"id":18,"name":"Drama"},{"id":80,"name":"Crime"}],"cast":[{"id":504,"gender":2,"name":"Tim Robbins","character":"Andy Dufresne","profilePath":"/7pirFsBQe93TSfzu404Hgcj1YWj.jpg"},{"id":192,"gender":2,"name":"Morgan Freeman","character":"Ellis Boyd 'Red' Redding","profilePath":"/oGJQhOpT8S1M56tvSsbEBePV5O1.jpg"},{"id":4029,"gender":2,"name":"Bob Gunton","character":"Warden Samuel Norton","profilePath":"/b3NfI0IzPYI40eIEtO9O0XQiR8j.jpg"},{"id":6574,"gender":2,"name":"Clancy Brown","character":"Captain Byron T. Hadley","profilePath":"/xBVifBW0riMSbedEQ27hObjPqVw.jpg"},{"id":6576,"gender":2,"name":"Mark Rolston","character":"Bogs Diamond","profilePath":"/bsh3cqDNwVvux4NdaY1Bj4S7mNS.jpg"},{"id":6577,"gender":2,"name":"James Whitmore","character":"Brooks Hatlen","profilePath":"/r1xOgXFjqhn2fonn78rlXKPZGFw.jpg"},{"id":6575,"gender":2,"name":"Gil Bellows","character":"Tommy","profilePath":"/msGHWcelT17HW70FDIXdjGmPmMK.jpg"}]},"285":{"id":285,"title":"Pirates of the Caribbean: At World's End","tagline":"At the end of the world, the adventure begins.","overview":"Captain Barbossa, long believed to be dead, has come back to life and is headed to the edge of the Earth with Will Turner and Elizabeth Swann. But nothing is quite as it seems.","popularity":24.772319,"rating":7,"ratingCount":6201,"runtime":169,"releaseDate":"2007-05-19","revenue":961000000,"budget":300000000,"posterPath":"/bXb00CkHqx7TPchTGG131sWV59y.jpg","originalLanguage":"en","genres":[{"id":12,"name":"Adventure"},{"id":14,"name":"Fantasy"},{"id":28,"name":"Action"}],"cast":[{"id":85,"gender":2,"name":"Johnny Depp","character":"Captain Jack Sparrow","profilePath":"/ea4fTp9T8Zy2KWxyFsqDIBgHZmb.jpg"},{"id":114,"gender":2,"name":"Orlando Bloom","character":"Will Turner","profilePath":"/kKWJlX2tcjqceSfUxnV7Jle5Kt.jpg"},{"id":116,"gender":1,"name":"Keira Knightley","character":"Elizabeth Swann","profilePath":"/nU126foC9zdl8VDnL9J3gqn9Igb.jpg"},{"id":1640,"gender":2,"name":"Stellan Skarsgård","character":"William \"Bootstrap Bill\" Turner","profilePath":"/zSCU2agleLtJEvzj98jEesVhBxa.jpg"},{"id":1619,"gender":2,"name":"Chow Yun-fat","character":"Captain Sao Feng","profilePath":"/6JbF55y5nPn4APoVxRzuDBMiVLh.jpg"},{"id":2440,"gender":2,"name":"Bill Nighy","character":"Captain Davy Jones","profilePath":"/imAkeJi8C8ZHpPPB8RP92AD3kYW.jpg"},{"id":118,"gender":2,"name":"Geoffrey Rush","character":"Captain Hector Barbossa","profilePath":"/5h91WHSK80YtqTk1bMiar2IZzO2.jpg"}]},"348":{"id":348,"title":"Alien","tagline":"In space no one can hear you scream.","overview":"During its return to the earth, commercial spaceship Nostromo intercepts a distress signal from a distant planet. When a three-member team of the crew discovers a chamber containing thousands of eggs on the planet, a creature inside one of the eggs attacks an explorer. The entire crew is unaware of the impending nightmare set to descend upon them when the alien parasite planted inside its unfortunate host is birthed.","popularity":23.094084,"rating":8,"ratingCount":5807,"runtime":117,"releaseDate":"1979-05-25","revenue":104931801,"budget":11000000,"posterPath":"/2h00HrZs89SL3tXB4nbkiM7BKHs.jpg","originalLanguage":"en","genres":[{"id":27,"name":"Horror"},{"id":878,"name":"Science Fiction"}],"cast":[{"id":4139,"gender":2,"name":"Tom Skerritt","character":"Arthur Dallas","profilePath":"/fVuxSZ8VoPxRJDm3VohtDDz5x8l.jpg"},{"id":10205,"gender":1,"name":"Sigourney Weaver","character":"Ellen Ripley","profilePath":"/gxBIAr3CnBjkNRoPovVJCvEGqP0.jpg"},{"id":5047,"gender":1,"name":"Veronica Cartwright","character":"Joan Lambert","profilePath":"/8s31kdotRrghkH4DkxpRZCmELYd.jpg"},{"id":5048,"gender":2,"name":"Harry Dean Stanton","character":"Samuel Brett","profilePath":"/nDSav6v9Z8dSJSXoooT2g0LjbCd.jpg"},{"id":5049,"gender":2,"name":"John Hurt","character":"Gilbert Kane","profilePath":"/rpuH2YRLpxJjMxHq4T1QdOSVtlN.jpg"},{"id":65,"gender":2,"name":"Ian Holm","character":"Ash","profilePath":"/27SAk1v043GdOeAxT5pPoMUYhGg.jpg"},{"id":5050,"gender":0,"name":"Yaphet Kotto","character":"Dennis Parker","profilePath":"/qsaWzjzI41EXMldEn6sSp5fnsQ0.jpg"}]},"425":{"id":425,"title":"Ice Age","tagline":"They came. They thawed. They conquered.","overview":"With the impending ice age almost upon them, a mismatched trio of prehistoric critters – Manny the woolly mammoth, Diego the saber-toothed tiger and Sid the giant sloth – find an orphaned infant and decide to return it to its human parents. Along the way, the unlikely allies become friends but, when enemies attack, their quest takes on far nobler aims.","popularity":31.190419,"rating":7.2,"ratingCount":5399,"runtime":81,"releaseDate":"2002-03-10","revenue":383257136,"budget":59000000,"posterPath":"/zpaQwR0YViPd83bx1e559QyZ35i.jpg","originalLanguage":"en","genres":[{"id":16,"name":"Animation"},{"id":35,"name":"Comedy"},{"id":10751,"name":"Family"},{"id":12,"name":"Adventure"}],"cast":[{"id":15757,"gender":2,"name":"Ray Romano","character":"Manny (voice)","profilePath":"/zWT03QvuVYySlrjmHCojKrNYjoC.jpg"},{"id":5723,"gender":2,"name":"John Leguizamo","character":"Sid (voice)","profilePath":"/rbq24AzthnwRXUYcVfUnP5bKN50.jpg"},{"id":5724,"gender":2,"name":"Denis Leary","character":"Diego (voice)","profilePath":"/lnk4HjUeqDlT6Kg9PaQsVIDpl56.jpg"},{"id":5725,"gender":2,"name":"Goran Visnjic","character":"Soto (voice)","profilePath":"/kMtnrBNrinINIgQIyWhATYRP8Ne.jpg"},{"id":70851,"gender":2,"name":"Jack Black","character":"Zeke (voice)","profilePath":"/vMXgtzMdt2jSAjOECFQ5F53blbr.jpg"},{"id":5726,"gender":2,"name":"Cedric the Entertainer","character":"Carl (voice)","profilePath":"/yyGxCX3yT1weZREjCxQ40dk1aFO.jpg"},{"id":17401,"gender":2,"name":"Stephen Root","character":"Rhino / Start (voice)","profilePath":"/sceCvLiv8xe2jQzrVn39wvosVHG.jpg"}]},"550":{"id":550,"title":"Fight Club","tagline":"Mischief. Mayhem. Soap.","overview":"A ticking-time-bomb insomniac and a slippery soap salesman channel primal male aggression into a shocking new form of therapy. Their concept catches on, with underground \"fight clubs\" forming in every town, until an eccentric gets in the way and ignites an out-of-control spiral toward oblivion.","popularity":23.411263,"rating":8.3,"ratingCount":12470,"runtime":139,"releaseDate":"1999-10-15","revenue":100853753,"budget":63000000,"posterPath":"/adw6Lq9FiC9zjYEpOqfq03ituwp.jpg","originalLanguage":"en","genres":[{"id":18,"name":"Drama"}],"cast":[{"id":819,"gender":2,"name":"Edward Norton","character":"The Narrator","profilePath":"/eIkFHNlfretLS1spAcIoihKUS62.jpg"},{"id":287,"gender":2,"name":"Brad Pitt","character":"Tyler Durden","profilePath":"/kU3B75TyRiCgE270EyZnHjfivoq.jpg"},{"id":1283,"gender":1,"name":"Helena Bonham Carter","character":"Marla Singer","profilePath":"/rHZMwkumoRvhKV5ZvwBONKENAhG.jpg"},{"id":7470,"gender":2,"name":"Meat Loaf","character":"Robert 'Bob' Paulson","profilePath":"/43nyfW3TxD3PxDqYB8tyqaKpDBH.jpg"},{"id":7499,"gender":2,"name":"Jared Leto","character":"Angel Face","profilePath":"/8qBnLfC6O360rnXSyVYniWYUxhx.jpg"},{"id":7471,"gender":2,"name":"Zach Grenier","character":"Richard Chesler","profilePath":"/vwYvEHYXhPBjovqbOHY011ipij9.jpg"},{"id":7497,"gender":2,"name":"Holt McCallany","character":"The Mechanic","profilePath":"/5Mw4StSwWwTLyBapXz9nOg7iUl5.jpg"}]},"557":{"id":557,"title":"Spider-Man","tagline":"With great power comes great responsibility.","overview":"After being bitten by a genetically altered spider, nerdy high school student Peter Parker is endowed with amazing powers.","popularity":23.478996,"rating":6.9,"ratingCount":7236,"runtime":121,"releaseDate":"2002-05-01","revenue":821708551,"budget":139000000,"posterPath":"/rZd0y1X1Gw4t5B3f01Qzj8DYY66.jpg","originalLanguage":"en","genres":[{"id":14,"name":"Fantasy"},{"id":28,"name":"Action"}],"cast":[{"id":2219,"gender":2,"name":"Tobey Maguire","character":"Peter Parker / Spider-Man","profilePath":"/l8e9we9RmTsYgNpx4xqQIlMplLl.jpg"},{"id":5293,"gender":2,"name":"Willem Dafoe","character":"Norman Osborn / Green Goblin","profilePath":"/7t8fhfaFBoS9VOo3OPXCfK516eI.jpg"},{"id":205,"gender":1,"name":"Kirsten Dunst","character":"Mary Jane Watson","profilePath":"/hQjeM4HUa6eC9dcfVWGeCPhskHy.jpg"},{"id":17051,"gender":2,"name":"James Franco","character":"Harry Osborn","profilePath":"/m9he3UnbmAAxkV1XH2EmzkNfkaS.jpg"},{"id":19153,"gender":0,"name":"Cliff Robertson","character":"Ben Parker","profilePath":"/q8DvYrkVZ6GajgU2V771Y0dOGWy.jpg"},{"id":18998,"gender":1,"name":"Rosemary Harris","character":"May Parker","profilePath":"/dd7DX4FJwLAfxBdWarYMcWuLyYO.jpg"},{"id":18999,"gender":2,"name":"J.K. Simmons","character":"J. Jonah Jameson","profilePath":"/jPoNW5fugs5h8AbcE7H5OBm04Tm.jpg"}]},"603":{"id":603,"title":"The Matrix","tagline":"Welcome to the Real World.","overview":"Set in the 22nd century, The Matrix tells the story of a computer hacker who joins a group of underground insurgents fighting the vast and powerful computers who now rule the earth.","popularity":24.938143,"rating":8,"ratingCount":11153,"runtime":136,"releaseDate":"1999-03-30","revenue":463517383,"budget":63000000,"posterPath":"/hEpWvX6Bp79eLxY1kX5ZZJcme5U.jpg","originalLanguage":"en","genres":[{"id":28,"name":"Action"},{"id":878,"name":"Science Fiction"}],"cast":[{"id":6384,"gender":2,"name":"Keanu Reeves","character":"Thomas \"Neo\" Anderson","profilePath":"/bOlYWhVuOiU6azC4Bw6zlXZ5QTC.jpg"},{"id":2975,"gender":2,"name":"Laurence Fishburne","character":"Morpheus","profilePath":"/8suOhUmPbfKqDQ17jQ1Gy0mI3P4.jpg"},{"id":530,"gender":1,"name":"Carrie-Anne Moss","character":"Trinity","profilePath":"/6gk8GmlfjW8ONS19KMeISp8Cqxf.jpg"},{"id":1331,"gender":2,"name":"Hugo Weaving","character":"Agent Smith","profilePath":"/ysED1kp94bpnweNVaDoVQQ6iy8X.jpg"},{"id":9364,"gender":1,"name":"Gloria Foster","character":"Oracle","profilePath":"/8peApNX6ms84dK07Xguf84CNFJK.jpg"},{"id":532,"gender":2,"name":"Joe Pantoliano","character":"Cypher","profilePath":"/zBvDX2HWepvW9im6ikgoyOL2Xj0.jpg"},{"id":9372,"gender":2,"name":"Marcus Chong","character":"Tank","profilePath":"/nSffTYbV945Q1qdJHx9kmSfsMA7.jpg"}]},"671":{"id":671,"title":"Harry Potter and the Philosopher's Stone","tagline":"Let the Magic Begin.","overview":"Harry Potter has lived under the stairs at his aunt and uncle's house his whole life. But on his 11th birthday, he learns he's a powerful wizard -- with a place waiting for him at the Hogwarts School of Witchcraft and Wizardry. As he learns to harness his newfound powers with the help of the school's kindly headmaster, Harry uncovers the truth about his parents' deaths -- and about the villain who's to blame.","popularity":38.227087,"rating":7.7,"ratingCount":9661,"runtime":152,"releaseDate":"2001-11-16","revenue":976475550,"budget":125000000,"posterPath":"/dCtFvscYcXQKTNvyyaQr2g2UacJ.jpg","originalLanguage":"en","genres":[{"id":12,"name":"Adventure"},{"id":14,"name":"Fantasy"},{"id":10751,"name":"Family"}],"cast":[{"id":10980,"gender":2,"name":"Daniel Radcliffe","character":"Harry Potter","profilePath":"/kMSMa5tR43TLMR14ahU1neFVytz.jpg"},{"id":10989,"gender":2,"name":"Rupert Grint","character":"Ron Weasley","profilePath":"/dFVVJufva2zUSP6WS0pFfR7g8uN.jpg"},{"id":10990,"gender":1,"name":"Emma Watson","character":"Hermione Granger","profilePath":"/s77hUycSJ4x8RJWHDC9WPgotgxE.jpg"},{"id":194,"gender":2,"name":"Richard Harris","character":"Albus Dumbledore","profilePath":"/64jkJJtL5sins6nwGKOERduLSEA.jpg"},{"id":10993,"gender":2,"name":"Tom Felton","character":"Draco Malfoy","profilePath":"/1lzM9lcwuZynxX3WEfzJqAAxVag.jpg"},{"id":1923,"gender":2,"name":"Robbie Coltrane","character":"Rubeus Hagrid","profilePath":"/u07QKPs7wvXxzjXi1UUBSGjjmQm.jpg"},{"id":4566,"gender":2,"name":"Alan Rickman","character":"Severus Snape","profilePath":"/zOJgiaztnrnB7TSdGYU3uwpgivl.jpg"}]},"672":{"id":672,"title":"Harry Potter and the Chamber of Secrets","tagline":"Hogwarts is back in session.","overview":"Ignoring threats to his life, Harry returns to Hogwarts to investigate – aided by Ron and Hermione – a mysterious series of attacks.","popularity":25.115525,"rating":7.5,"ratingCount":8145,"runtime":161,"releaseDate":"2002-11-13","revenue":876688482,"budget":100000000,"posterPath":"/sdEOH0992YZ0QSxgXNIGLq1ToUi.jpg","originalLanguage":"en","genres":[{"id":12,"name":"Adventure"},{"id":14,"name":"Fantasy"},{"id":10751,"name":"Family"}],"cast":[{"id":10980,"gender":2,"name":"Daniel Radcliffe","character":"Harry Potter","profilePath":"/kMSMa5tR43TLMR14ahU1neFVytz.jpg"},{"id":10989,"gender":2,"name":"Rupert Grint","character":"Ron Weasley","profilePath":"/dFVVJufva2zUSP6WS0pFfR7g8uN.jpg"},{"id":10990,"gender":1,"name":"Emma Watson","character":"Hermione Granger","profilePath":"/s77hUycSJ4x8RJWHDC9WPgotgxE.jpg"},{"id":194,"gender":2,"name":"Richard Harris","character":"Albus Dumbledore","profilePath":"/64jkJJtL5sins6nwGKOERduLSEA.jpg"},{"id":4566,"gender":2,"name":"Alan Rickman","character":"Severus Snape","profilePath":"/zOJgiaztnrnB7TSdGYU3uwpgivl.jpg"},{"id":10993,"gender":2,"name":"Tom Felton","character":"Draco Malfoy","profilePath":"/1lzM9lcwuZynxX3WEfzJqAAxVag.jpg"},{"id":11181,"gender":2,"name":"Kenneth Branagh","character":"Gilderoy Lockhart","profilePath":"/bmpGjbqvAVNOK3ggiuET2Jl96tZ.jpg"}]},"680":{"id":680,"title":"Pulp Fiction","tagline":"Just because you are a character doesn't mean you have character.","overview":"A burger-loving hit man, his philosophical partner, a drug-addled gangster's moll and a washed-up boxer converge in this sprawling, comedic crime caper. Their adventures unfurl in three stories that ingeniously trip back and forth in time.","popularity":22.685188,"rating":8.3,"ratingCount":11326,"runtime":154,"releaseDate":"1994-09-10","revenue":213928762,"budget":8000000,"posterPath":"/dM2w364MScsjFf8pfMbaWUcWrR.jpg","originalLanguage":"en","genres":[{"id":53,"name":"Thriller"},{"id":80,"name":"Crime"}],"cast":[{"id":8891,"gender":2,"name":"John Travolta","character":"Vincent Vega","profilePath":"/JSt3skdZpGPJYJixCZqH599WdI.jpg"},{"id":2231,"gender":2,"name":"Samuel L. Jackson","character":"Jules Winfield","profilePath":"/AvCReLikjzYEf9XjTQxbv3JWgKT.jpg"},{"id":139,"gender":1,"name":"Uma Thurman","character":"Mia Wallace","profilePath":"/43DjE9bGtR8z7ejCRvf2tPXPpm1.jpg"},{"id":62,"gender":2,"name":"Bruce Willis","character":"Butch Coolidge","profilePath":"/kI1OluWhLJk3pnR19VjOfABpnTY.jpg"},{"id":10182,"gender":2,"name":"Ving Rhames","character":"Marsellus Wallace","profilePath":"/8nS83GOu0iqxjL2Oj2DgwkAceFQ.jpg"},{"id":1037,"gender":2,"name":"Harvey Keitel","character":"Wolf","profilePath":"/4hci8q0lzZ4vCyItQg2VaA0sc2T.jpg"},{"id":7036,"gender":2,"name":"Eric Stoltz","character":"Lance","profilePath":"/fXaULtqnMDKsqT1to8vnLjSXe0w.jpg"}]},"807":{"id":807,"title":"Se7en","tagline":"Seven deadly sins. Seven ways to die.","overview":"Two homicide detectives are on a desperate hunt for a serial killer whose crimes are based on the \"seven deadly sins\" in this dark and haunting film that takes viewers from the tortured remains of one victim to the next. The seasoned Det. Sommerset researches each sin in an effort to get inside the killer's mind, while his novice partner, Mills, scoffs at his efforts to unravel the case.","popularity":26.098432,"rating":8.2,"ratingCount":7778,"runtime":127,"releaseDate":"1995-09-22","revenue":327311859,"budget":33000000,"posterPath":"/zgB9CCTDlXRv50Z70ZI4elJtNEk.jpg","originalLanguage":"en","genres":[{"id":80,"name":"Crime"},{"id":9648,"name":"Mystery"},{"id":53,"name":"Thriller"}],"cast":[{"id":287,"gender":2,"name":"Brad Pitt","character":"Detective David Mills","profilePath":"/kU3B75TyRiCgE270EyZnHjfivoq.jpg"},{"id":192,"gender":2,"name":"Morgan Freeman","character":"Detective Lt. William Somerset","profilePath":"/oGJQhOpT8S1M56tvSsbEBePV5O1.jpg"},{"id":12052,"gender":1,"name":"Gwyneth Paltrow","character":"Tracy Mills","profilePath":"/8x3jpWD7DEvyMXO1FOjwNdd1UZT.jpg"},{"id":11885,"gender":2,"name":"John C. McGinley","character":"California","profilePath":"/6AJL0ylRtJ9vcR57yEenhWHXHFt.jpg"},{"id":1979,"gender":2,"name":"Kevin Spacey","character":"John Doe","profilePath":"/x7wF050iuCASefLLG75s2uDPFUu.jpg"},{"id":8655,"gender":2,"name":"R. Lee Ermey","character":"Police Captain","profilePath":"/r8GBqFBjypLUP9VVqDqfZ7wYbSs.jpg"},{"id":6487,"gender":2,"name":"Richard Roundtree","character":"Dist. Atty. Martin Talbot","profilePath":"/3OyAx3Vrv1mQLOvl7YHaIaFwDuW.jpg"}]},"862":{"id":862,"title":"Toy Story","tagline":"","overview":"Led by Woody, Andy's toys live happily in his room until Andy's birthday brings Buzz Lightyear onto the scene. Afraid of losing his place in Andy's heart, Woody plots against Buzz. But when circumstances separate Buzz and Woody from their owner, the duo eventually learns to put aside their differences.","popularity":25.203434,"rating":7.8,"ratingCount":7349,"runtime":81,"releaseDate":"1995-10-30","revenue":373554033,"budget":30000000,"posterPath":"/rhIRbceoE9lR4veEXuwCC2wARtG.jpg","originalLanguage":"en","genres":[{"id":16,"name":"Animation"},{"id":35,"name":"Comedy"},{"id":10751,"name":"Family"}],"cast":[{"id":31,"gender":2,"name":"Tom Hanks","character":"Woody (voice)","profilePath":"/a14CNByTYALAPSGlwlmfHILpEIW.jpg"},{"id":12898,"gender":2,"name":"Tim Allen","character":"Buzz Lightyear (voice)","profilePath":"/uX2xVf6pMmPepxnvFWyBtjexzgY.jpg"},{"id":7167,"gender":2,"name":"Don Rickles","character":"Mr. Potato Head (voice)","profilePath":"/h5BcaDMPRVLHLDzbQavec4xfSdt.jpg"},{"id":12899,"gender":2,"name":"Jim Varney","character":"Slinky Dog (voice)","profilePath":"/eIo2jVVXYgjDtaHoF19Ll9vtW7h.jpg"},{"id":12900,"gender":2,"name":"Wallace Shawn","character":"Rex (voice)","profilePath":"/oGE6JqPP2xH4tNORKNqxbNPYi7u.jpg"},{"id":7907,"gender":2,"name":"John Ratzenberger","character":"Hamm (voice)","profilePath":"/yGechiKWL6TJDfVE2KPSJYqdMsY.jpg"},{"id":8873,"gender":1,"name":"Annie Potts","character":"Bo Peep (voice)","profilePath":"/eryXT84RL41jHSJcMy4kS3u9y6w.jpg"}]},"950":{"id":950,"title":"Ice Age: The Meltdown","tagline":"The Ice age is melting away.","overview":"Diego, Manny and Sid return in this sequel to the hit animated movie Ice Age. This time around, the deep freeze is over, and the ice-covered earth is starting to melt, which will destroy the trio's cherished valley. The impending disaster prompts them to reunite and warn all the other beasts about the desperate situation.","popularity":24.113135,"rating":6.5,"ratingCount":4144,"runtime":91,"releaseDate":"2006-03-23","revenue":660940780,"budget":80000000,"posterPath":"/isRuztu5Ch7FJdtSBLcG8QSOpEI.jpg","originalLanguage":"en","genres":[{"id":16,"name":"Animation"},{"id":10751,"name":"Family"},{"id":35,"name":"Comedy"},{"id":12,"name":"Adventure"}],"cast":[{"id":15757,"gender":2,"name":"Ray Romano","character":"Manny (voice)","profilePath":"/zWT03QvuVYySlrjmHCojKrNYjoC.jpg"},{"id":5723,"gender":2,"name":"John Leguizamo","character":"Sid (voice)","profilePath":"/rbq24AzthnwRXUYcVfUnP5bKN50.jpg"},{"id":5724,"gender":2,"name":"Denis Leary","character":"Diego (voice)","profilePath":"/lnk4HjUeqDlT6Kg9PaQsVIDpl56.jpg"},{"id":15758,"gender":1,"name":"Queen Latifah","character":"Ellie (voice)","profilePath":"/ht52no1SMDhYBwRAmWL9a5YCss1.jpg"},{"id":57599,"gender":2,"name":"Seann William Scott","character":"Crash (voice)","profilePath":"/c7iqFLkgNiTMAS9xGw0GlfJcm4H.jpg"},{"id":15760,"gender":2,"name":"Josh Peck","character":"Eddie (voice)","profilePath":"/MliTSjRnt2WMsFKQqEFLmOff8b.jpg"},{"id":14991,"gender":2,"name":"Jay Leno","character":"Fast Tony (voice)","profilePath":"/pmCpEGNkZnGxoKRVSMLHQnCtqAg.jpg"}]},"954":{"id":954,"title":"Mission: Impossible","tagline":"Expect the Impossible.","overview":"When Ethan Hunt, the leader of a crack espionage team whose perilous operation has gone awry with no explanation, discovers that a mole has penetrated the CIA, he's surprised to learn that he's the No. 1 suspect. To clear his name, Hunt now must ferret out the real double agent and, in the process, even the score.","popularity":29.08768,"rating":6.7,"ratingCount":3416,"runtime":110,"releaseDate":"1996-05-22","revenue":457696359,"budget":80000000,"posterPath":"/vmj2PzTLC6xJvshpq8SlaYE3gbd.jpg","originalLanguage":"en","genres":[{"id":12,"name":"Adventure"},{"id":28,"name":"Action"},{"id":53,"name":"Thriller"}],"cast":[{"id":500,"gender":2,"name":"Tom Cruise","character":"Ethan Hunt","profilePath":"/3oWEuo0e8Nx8JvkqYCDec2iMY6K.jpg"},{"id":10127,"gender":2,"name":"Jon Voight","character":"Jim Phelps","profilePath":"/c7BvyqlvqDkfkFqSBUCiR21fvTh.jpg"},{"id":4885,"gender":0,"name":"Emmanuelle Béart","character":"Claire Phelps","profilePath":"/dICNGDe2Sgz73Febl0TJZpEKO9f.jpg"},{"id":15319,"gender":2,"name":"Henry Czerny","character":"Eugene Kittridge","profilePath":"/vlUuasZW9mIrcnvp6IIEs1B43hT.jpg"},{"id":1003,"gender":2,"name":"Jean Reno","character":"Franz Krieger","profilePath":"/cdsN5efCYGQWlPrj7vFlZRBTR16.jpg"},{"id":10182,"gender":2,"name":"Ving Rhames","character":"Luther Stickell","profilePath":"/8nS83GOu0iqxjL2Oj2DgwkAceFQ.jpg"},{"id":5470,"gender":1,"name":"Kristin Scott Thomas","character":"Sarah Davies","profilePath":"/9NuZGaPn3Z1svlbF9ZkdtjgrHZo.jpg"}]},"955":{"id":955,"title":"Mission: Impossible II","tagline":"Expect the impossible again.","overview":"With computer genius Luther Stickell at his side and a beautiful thief on his mind, agent Ethan Hunt races across Australia and Spain to stop a former IMF agent from unleashing a genetically engineered biological weapon called Chimera. This mission, should Hunt choose to accept it, plunges him into the center of an international crisis of terrifying magnitude.","popularity":22.556298,"rating":5.9,"ratingCount":2532,"runtime":123,"releaseDate":"2000-05-24","revenue":546388105,"budget":125000000,"posterPath":"/eRaEC0vf5q5TSvaoJPwGTt2wa9T.jpg","originalLanguage":"en","genres":[{"id":12,"name":"Adventure"},{"id":28,"name":"Action"},{"id":53,"name":"Thriller"}],"cast":[{"id":500,"gender":2,"name":"Tom Cruise","character":"Ethan Hunt","profilePath":"/3oWEuo0e8Nx8JvkqYCDec2iMY6K.jpg"},{"id":15336,"gender":2,"name":"Dougray Scott","character":"Sean Ambrose","profilePath":"/zeZmtK4EKK9R2r6bp2nTxMs3ByS.jpg"},{"id":9030,"gender":1,"name":"Thandie Newton","character":"Nyah Nordoff-Hall","profilePath":"/sW6XsnM2DkX6ujOXZ38aIQAMIWi.jpg"},{"id":10182,"gender":2,"name":"Ving Rhames","character":"Luther Stickell","profilePath":"/8nS83GOu0iqxjL2Oj2DgwkAceFQ.jpg"},{"id":12206,"gender":2,"name":"Richard Roxburgh","character":"Hugh Stamp","profilePath":"/hN1bWQ0Qe0DrA33Ch6TLKuIWs0.jpg"},{"id":15337,"gender":2,"name":"John Polson","character":"Billy Baird","profilePath":"/rsjpQFAvQSo05HflPSCODCCbYFl.jpg"},{"id":2039,"gender":2,"name":"Brendan Gleeson","character":"John C. McCloy","profilePath":"/pUTBk2sqFgg4aFBXHckD0qKLUYP.jpg"}]},"1724":{"id":1724,"title":"The Incredible Hulk","tagline":"You'll like him when he's angry.","overview":"Scientist Bruce Banner scours the planet for an antidote to the unbridled force of rage within him: the Hulk. But when the military masterminds who dream of exploiting his powers force him back to civilization, he finds himself coming face to face with a new, deadly foe.","popularity":22.619048,"rating":6.1,"ratingCount":4283,"runtime":114,"releaseDate":"2008-06-12","revenue":163712074,"budget":150000000,"posterPath":"/bleR2qj9UluYl7x0Js7VXuLhV3s.jpg","originalLanguage":"en","genres":[{"id":878,"name":"Science Fiction"},{"id":28,"name":"Action"},{"id":12,"name":"Adventure"}],"cast":[{"id":819,"gender":2,"name":"Edward Norton","character":"Bruce Banner / The Hulk","profilePath":"/eIkFHNlfretLS1spAcIoihKUS62.jpg"},{"id":882,"gender":1,"name":"Liv Tyler","character":"Betty Ross","profilePath":"/lD2YnrKdnRUvFDMSiK2pw13ZMIB.jpg"},{"id":3129,"gender":2,"name":"Tim Roth","character":"Emil Blonsky / Abomination","profilePath":"/hgaIXIW9GKnZhrweplBonG7uhhP.jpg"},{"id":227,"gender":2,"name":"William Hurt","character":"General Thaddeus \"Thunderbolt\" Ross","profilePath":"/zp6UOht6c1iyHDbpYn1hkX103lG.jpg"},{"id":1462,"gender":2,"name":"Tim Blake Nelson","character":"Dr. Samuel Sterns","profilePath":"/tWHHEnnoEU6aNaiFRvl1WLfNTvB.jpg"},{"id":15232,"gender":2,"name":"Ty Burrell","character":"Dr. Leonard Samson","profilePath":"/hJeOomahu5I7CgODCU9jh7oPsu6.jpg"},{"id":68277,"gender":1,"name":"Christina Cabot","character":"Major Kathleen Sparr","profilePath":"/7UBTv5lW6apPdVLnOqTTBMTJWwY.jpg"}]},"1726":{"id":1726,"title":"Iron Man","tagline":"Heroes aren't born. They're built.","overview":"After being held captive in an Afghan cave, billionaire engineer Tony Stark creates a unique weaponized suit of armor to fight evil.","popularity":46.160733,"rating":7.4,"ratingCount":11492,"runtime":126,"releaseDate":"2008-04-30","revenue":585174222,"budget":140000000,"posterPath":"/848chlIWVT41VtAAgyh9bWymAYb.jpg","originalLanguage":"en","genres":[{"id":28,"name":"Action"},{"id":878,"name":"Science Fiction"},{"id":12,"name":"Adventure"}],"cast":[{"id":3223,"gender":2,"name":"Robert Downey Jr.","character":"Tony Stark / Iron Man","profilePath":"/1YjdSym1jTG7xjHSI0yGGWEsw5i.jpg"},{"id":18288,"gender":2,"name":"Terrence Howard","character":"Lt. Col. James \"Rhodey\" Rhodes / War Machine","profilePath":"/MZeLxOH0PgL7xcvt865WVBvQDw.jpg"},{"id":1229,"gender":2,"name":"Jeff Bridges","character":"Obadiah Stane / Iron Monger","profilePath":"/xms1RAY6q7Lzp7wNeRCB0kzhucn.jpg"},{"id":12052,"gender":1,"name":"Gwyneth Paltrow","character":"Virginia \"Pepper\" Potts","profilePath":"/8x3jpWD7DEvyMXO1FOjwNdd1UZT.jpg"},{"id":17857,"gender":2,"name":"Shaun Toub","character":"Ho Yinsen","profilePath":"/qRHZD8EdqeUor8A6tazJ3v3gxyD.jpg"},{"id":57452,"gender":2,"name":"Faran Tahir","character":"Raza","profilePath":"/zEcur3BBkXD0gosZQ1nAZRyQZUq.jpg"},{"id":57451,"gender":1,"name":"Leslie Bibb","character":"Christine Everhart","profilePath":"/vzm9Si3VzsZX0M4YxtQKgaojpOk.jpg"}]},"1771":{"id":1771,"title":"Captain America: The First Avenger","tagline":"When patriots become heroes","overview":"Predominantly set during World War II, Steve Rogers is a sickly man from Brooklyn who's transformed into super-soldier Captain America to aid in the war effort. Rogers must stop the Red Skull – Adolf Hitler's ruthless head of weaponry, and the leader of an organization that intends to use a mysterious device of untold powers for world domination.","popularity":40.9227,"rating":6.7,"ratingCount":9215,"runtime":124,"releaseDate":"2011-07-22","revenue":370569774,"budget":140000000,"posterPath":"/vSNxAJTlD0r02V9sPYpOjqDZXUK.jpg","originalLanguage":"en","genres":[{"id":28,"name":"Action"},{"id":12,"name":"Adventure"},{"id":878,"name":"Science Fiction"}],"cast":[{"id":16828,"gender":2,"name":"Chris Evans","character":"Steve Rogers / Captain America","profilePath":"/kRlx7PxXkom7Daj8Z2HmcbPQB1o.jpg"},{"id":39459,"gender":1,"name":"Hayley Atwell","character":"Peggy Carter","profilePath":"/6BhmZl0BaC0qTamFH7n4hfjqMqY.jpg"},{"id":1331,"gender":2,"name":"Hugo Weaving","character":"Johann Schmidt / Red Skull","profilePath":"/ysED1kp94bpnweNVaDoVQQ6iy8X.jpg"},{"id":2176,"gender":2,"name":"Tommy Lee Jones","character":"Col. Chester Phillips","profilePath":"/gRXugLFvr1oHZ6alLUxmYDq8cgW.jpg"},{"id":60898,"gender":2,"name":"Sebastian Stan","character":"James \"Bucky\" Barnes","profilePath":"/8MOp9cazWpC4CrGLZnD11A6Dv8c.jpg"},{"id":55470,"gender":2,"name":"Dominic Cooper","character":"Howard Stark","profilePath":"/z4eKEtwZXVespbZCS2qjYZaztyv.jpg"},{"id":2283,"gender":2,"name":"Stanley Tucci","character":"Abraham Erskine","profilePath":"/omGlTJF2IW5r3L3c5y0qkCt3hFr.jpg"}]},"1865":{"id":1865,"title":"Pirates of the Caribbean: On Stranger Tides","tagline":"Live Forever Or Die Trying.","overview":"Captain Jack Sparrow crosses paths with a woman from his past, and he's not sure if it's love -- or if she's a ruthless con artist who's using him to find the fabled Fountain of Youth. When she forces him aboard the Queen Anne's Revenge, the ship of the formidable pirate Blackbeard, Jack finds himself on an unexpected adventure in which he doesn't know who to fear more: Blackbeard or the woman from his past.","popularity":23.733551,"rating":6.4,"ratingCount":6517,"runtime":136,"releaseDate":"2011-05-14","revenue":1045713802,"budget":380000000,"posterPath":"/wNUDAq5OUMOtxMlz64YaCp7gZma.jpg","originalLanguage":"en","genres":[{"id":12,"name":"Adventure"},{"id":28,"name":"Action"},{"id":14,"name":"Fantasy"}],"cast":[{"id":85,"gender":2,"name":"Johnny Depp","character":"Captain Jack Sparrow","profilePath":"/ea4fTp9T8Zy2KWxyFsqDIBgHZmb.jpg"},{"id":955,"gender":1,"name":"Penélope Cruz","character":"Angelica Teach","profilePath":"/dcPSUfxMa791NZvrFiBc3ReDdpU.jpg"},{"id":6972,"gender":2,"name":"Ian McShane","character":"Captain Edward \"Blackbeard\" Teach","profilePath":"/pY9ud4BJwHekNiO4MMItPbgkdAy.jpg"},{"id":2449,"gender":2,"name":"Kevin McNally","character":"Joshamee Gibbs","profilePath":"/fIJF3TZn8ckHkcl44oX77GvPv9e.jpg"},{"id":118,"gender":2,"name":"Geoffrey Rush","character":"Captain Hector Barbossa","profilePath":"/5h91WHSK80YtqTk1bMiar2IZzO2.jpg"},{"id":237455,"gender":2,"name":"Sam Claflin","character":"Philip Swift","profilePath":"/8DVC5uMFX00G0sLIE0bBaF6nC3U.jpg"},{"id":469759,"gender":1,"name":"Astrid Bergès-Frisbey","character":"Syrena","profilePath":"/rMpf4DQ7rlQTKwrJFpYgefNI5j3.jpg"}]},"1893":{"id":1893,"title":"Star Wars: Episode I - The Phantom Menace","tagline":"Every generation has a legend. Every journey has a first step. Every saga has a beginning.","overview":"Anakin Skywalker, a young slave strong with the Force, is discovered on Tatooine. Meanwhile, the evil Sith have returned, enacting their plot for revenge against the Jedi.","popularity":22.71543,"rating":6.4,"ratingCount":6085,"runtime":136,"releaseDate":"1999-05-19","revenue":924317558,"budget":115000000,"posterPath":"/n8V09dDc02KsSN6Q4hC2BX6hN8X.jpg","originalLanguage":"en","genres":[{"id":12,"name":"Adventure"},{"id":28,"name":"Action"},{"id":878,"name":"Science Fiction"}],"cast":[{"id":3896,"gender":2,"name":"Liam Neeson","character":"Qui-Gon Jinn","profilePath":"/9mdAohLsDu36WaXV2N3SQ388bvz.jpg"},{"id":3061,"gender":2,"name":"Ewan McGregor","character":"Obi Wan Kenobi","profilePath":"/aEmyadfRXTmmR7UW7OXsm5a6smS.jpg"},{"id":524,"gender":1,"name":"Natalie Portman","character":"Padmé Amidala","profilePath":"/rtLTG4yrEcROXhTBGXMrbyiUEC5.jpg"},{"id":33196,"gender":2,"name":"Jake Lloyd","character":"Anakin Skywalker","profilePath":"/1MndIkdjjDypRDi3PpMzy3j0Lof.jpg"},{"id":27762,"gender":2,"name":"Ian McDiarmid","character":"Senator Palpatine","profilePath":"/sa6FTcK7xCHCFFR10jyOOOffd7f.jpg"},{"id":6,"gender":2,"name":"Anthony Daniels","character":"C-3PO (voice)","profilePath":"/cljvryjb3VwTsNR7fjQKjNPMaBB.jpg"},{"id":130,"gender":2,"name":"Kenny Baker","character":"R2-D2","profilePath":"/sdd9rgifNF9C51RejG7sUGU8Bka.jpg"}]},"1930":{"id":1930,"title":"The Amazing Spider-Man","tagline":"The untold story begins.","overview":"Peter Parker is an outcast high schooler abandoned by his parents as a boy, leaving him to be raised by his Uncle Ben and Aunt May. Like most teenagers, Peter is trying to figure out who he is and how he got to be the person he is today. As Peter discovers a mysterious briefcase that belonged to his father, he begins a quest to understand his parents' disappearance – leading him directly to Oscorp and the lab of Dr. Curt Connors, his father's former partner. As Spider-Man is set on a collision course with Connors' alter ego, The Lizard, Peter will make life-altering choices to use his powers and shape his destiny to become a hero.","popularity":25.427073,"rating":6.5,"ratingCount":8277,"runtime":136,"releaseDate":"2012-06-27","revenue":752215857,"budget":215000000,"posterPath":"/eA2D86Y6VPWuUzZyatiLBwpTilQ.jpg","originalLanguage":"en","genres":[{"id":28,"name":"Action"},{"id":12,"name":"Adventure"},{"id":14,"name":"Fantasy"}],"cast":[{"id":37625,"gender":2,"name":"Andrew Garfield","character":"Peter Parker / Spider-Man","profilePath":"/zEuvOPafRv1TQnOj9gxlbrWJgml.jpg"},{"id":54693,"gender":1,"name":"Emma Stone","character":"Gwen Stacy","profilePath":"/bQHnqMjc0dKOu9zpm54KvP6ffyB.jpg"},{"id":7026,"gender":2,"name":"Rhys Ifans","character":"Dr. Curt Connors / The Lizard","profilePath":"/p0rbwzc4Yj2oHW0iiln0X0Wx9EK.jpg"},{"id":5724,"gender":2,"name":"Denis Leary","character":"Captain Stacy","profilePath":"/lnk4HjUeqDlT6Kg9PaQsVIDpl56.jpg"},{"id":55152,"gender":2,"name":"Campbell Scott","character":"Richard Parker","profilePath":"/LpYIN2jh58sHaUFM2r3G4G0iE6.jpg"},{"id":76793,"gender":2,"name":"Irrfan Khan","character":"Rajit Ratha","profilePath":"/p1XDxKIz3z5O1NlXE6xQecKEe7v.jpg"},{"id":8349,"gender":2,"name":"Martin Sheen","character":"Uncle Ben","profilePath":"/ve77Q75moQhoB6cxdMfigfrHeTA.jpg"}]},"8966":{"id":8966,"title":"Twilight","tagline":"When you can live forever, what do you live for?","overview":"When Bella Swan moves to a small town in the Pacific Northwest to live with her father, she starts school and meets the reclusive Edward Cullen, a mysterious classmate who reveals himself to be a 108-year-old vampire. Despite Edward's repeated cautions, Bella can't help but fall in love with him, a fatal move that endangers her own life when a coven of bloodsuckers try to challenge the Cullen clan.","popularity":28.247773,"rating":5.8,"ratingCount":5085,"runtime":122,"releaseDate":"2008-11-20","revenue":392616625,"budget":37000000,"posterPath":"/lcMp3AONdNhjYE9MmTtMMTOiRDP.jpg","originalLanguage":"en","genres":[{"id":12,"name":"Adventure"},{"id":14,"name":"Fantasy"},{"id":18,"name":"Drama"},{"id":10749,"name":"Romance"}],"cast":[{"id":37917,"gender":1,"name":"Kristen Stewart","character":"Bella Swan","profilePath":"/1n03M0xG1cdkXLFDL1qP9YrjHxz.jpg"},{"id":11288,"gender":2,"name":"Robert Pattinson","character":"Edward Cullen","profilePath":"/vk9D76LgHd1c8ZZPBBC4DAi1D6q.jpg"},{"id":21029,"gender":2,"name":"Billy Burke","character":"Charlie Swan","profilePath":"/yA94PNmskOX0toimPss6aTHPgKO.jpg"},{"id":84214,"gender":2,"name":"Taylor Lautner","character":"Jacob Black","profilePath":"/xazf3pX3fbScXvi8WojuxsGOJX2.jpg"},{"id":56857,"gender":2,"name":"Peter Facinelli","character":"Carlisle Cullen","profilePath":"/jVlwcMxC0mtWttvvSbovybpLrBX.jpg"},{"id":45827,"gender":1,"name":"Ashley Greene","character":"Alice Cullen","profilePath":"/vtISAJd1hFxst09mNUuM59jQbyV.jpg"},{"id":84215,"gender":2,"name":"Jackson Rathbone","character":"Jasper Hale","profilePath":"/zAD0iksXSMDYA6M5pRPSMTZFJG1.jpg"}]},"10138":{"id":10138,"title":"Iron Man 2","tagline":"It's not the armor that makes the hero, but the man inside.","overview":"With the world now aware of his dual life as the armored superhero Iron Man, billionaire inventor Tony Stark faces pressure from the government, the press and the public to share his technology with the military. Unwilling to let go of his invention, Stark, with Pepper Potts and James 'Rhodey' Rhodes at his side, must forge new alliances – and confront powerful enemies.","popularity":29.795119,"rating":6.7,"ratingCount":8938,"runtime":124,"releaseDate":"2010-04-28","revenue":623933331,"budget":200000000,"posterPath":"/ArqpkNYGfcTIA6umWt6xihfIZZv.jpg","originalLanguage":"en","genres":[{"id":12,"name":"Adventure"},{"id":28,"name":"Action"},{"id":878,"name":"Science Fiction"}],"cast":[{"id":3223,"gender":2,"name":"Robert Downey Jr.","character":"Tony Stark / Iron Man","profilePath":"/1YjdSym1jTG7xjHSI0yGGWEsw5i.jpg"},{"id":12052,"gender":1,"name":"Gwyneth Paltrow","character":"Virginia \"Pepper\" Potts","profilePath":"/8x3jpWD7DEvyMXO1FOjwNdd1UZT.jpg"},{"id":1896,"gender":2,"name":"Don Cheadle","character":"Lt. Col. James \"Rhodey\" Rhodes / War Machine","profilePath":"/b1EVJWdFn7a75qVYJgwO87W2TJU.jpg"},{"id":1245,"gender":1,"name":"Scarlett Johansson","character":"Natalie Rushman / Natasha Romanoff / Black Widow","profilePath":"/oqvusJfmH4zN2LgdCjmB2TxetOd.jpg"},{"id":2295,"gender":2,"name":"Mickey Rourke","character":"Ivan Vanko / Whiplash","profilePath":"/AvGzQ8fvjurGmZW3W1wlQ5WfSeT.jpg"},{"id":6807,"gender":2,"name":"Sam Rockwell","character":"Justin Hammer","profilePath":"/mEH7nCaG75XNkoFbp3MIwCbIZb6.jpg"},{"id":2231,"gender":2,"name":"Samuel L. Jackson","character":"Nick Fury","profilePath":"/AvCReLikjzYEf9XjTQxbv3JWgKT.jpg"}]},"10195":{"id":10195,"title":"Thor","tagline":"Two worlds. One hero.","overview":"Against his father Odin's will, The Mighty Thor - a powerful but arrogant warrior god - recklessly reignites an ancient war. Thor is cast down to Earth and forced to live among humans as punishment. Once here, Thor learns what it takes to be a true hero when the most dangerous villain of his world sends the darkest forces of Asgard to invade Earth.","popularity":77.745954,"rating":6.6,"ratingCount":9043,"runtime":115,"releaseDate":"2011-04-21","revenue":449326618,"budget":150000000,"posterPath":"/bIuOWTtyFPjsFDevqvF3QrD1aun.jpg","originalLanguage":"en","genres":[{"id":12,"name":"Adventure"},{"id":14,"name":"Fantasy"},{"id":28,"name":"Action"}],"cast":[{"id":74568,"gender":2,"name":"Chris Hemsworth","character":"Thor Odinson","profilePath":"/lrhth7yK9p3vy6p7AabDUM1THKl.jpg"},{"id":524,"gender":1,"name":"Natalie Portman","character":"Jane Foster","profilePath":"/rtLTG4yrEcROXhTBGXMrbyiUEC5.jpg"},{"id":91606,"gender":2,"name":"Tom Hiddleston","character":"Loki","profilePath":"/qB1lHPFBPIzw6I7EvsciZ5wyUNS.jpg"},{"id":4173,"gender":2,"name":"Anthony Hopkins","character":"Odin","profilePath":"/btweZvSRBiE6jaMME93BSXeTQN6.jpg"},{"id":1640,"gender":2,"name":"Stellan Skarsgård","character":"Erik Selvig","profilePath":"/zSCU2agleLtJEvzj98jEesVhBxa.jpg"},{"id":17605,"gender":2,"name":"Idris Elba","character":"Heimdall","profilePath":"/d9NkfCwczP0TjgrjpF94jF67SK8.jpg"},{"id":9048,"gender":2,"name":"Clark Gregg","character":"Agent Phil Coulson","profilePath":"/t8CLS2Zcy7IjcZkE1vtxl40h9rh.jpg"}]},"12445":{"id":12445,"title":"Harry Potter and the Deathly Hallows: Part 2","tagline":"It all ends here.","overview":"Harry, Ron and Hermione continue their quest to vanquish the evil Voldemort once and for all. Just as things begin to look hopeless for the young wizards, Harry discovers a trio of magical objects that endow him with powers to rival Voldemort's formidable skills.","popularity":22.735934,"rating":8,"ratingCount":8262,"runtime":130,"releaseDate":"2011-07-07","revenue":1342000000,"budget":125000000,"posterPath":"/fTplI1NCSuEDP4ITLcTps739fcC.jpg","originalLanguage":"en","genres":[{"id":10751,"name":"Family"},{"id":14,"name":"Fantasy"},{"id":12,"name":"Adventure"}],"cast":[{"id":10980,"gender":2,"name":"Daniel Radcliffe","character":"Harry Potter","profilePath":"/kMSMa5tR43TLMR14ahU1neFVytz.jpg"},{"id":10989,"gender":2,"name":"Rupert Grint","character":"Ron Weasley","profilePath":"/dFVVJufva2zUSP6WS0pFfR7g8uN.jpg"},{"id":10990,"gender":1,"name":"Emma Watson","character":"Hermione Granger","profilePath":"/s77hUycSJ4x8RJWHDC9WPgotgxE.jpg"},{"id":4566,"gender":2,"name":"Alan Rickman","character":"Severus Snape","profilePath":"/zOJgiaztnrnB7TSdGYU3uwpgivl.jpg"},{"id":10978,"gender":1,"name":"Maggie Smith","character":"Minerva McGonagall","profilePath":"/kkMNu2iqkBPkbjhNBmDaUX7FHr.jpg"},{"id":1283,"gender":1,"name":"Helena Bonham Carter","character":"Bellatrix Lestrange","profilePath":"/rHZMwkumoRvhKV5ZvwBONKENAhG.jpg"},{"id":7056,"gender":1,"name":"Emma Thompson","character":"Sybill Trelawney","profilePath":"/cWTBHN8kLf6yapxiaQD9C6N1uMw.jpg"}]},"19995":{"id":19995,"title":"Avatar","tagline":"Enter the World of Pandora.","overview":"In the 22nd century, a paraplegic Marine is dispatched to the moon Pandora on a unique mission, but becomes torn between following orders and protecting an alien civilization.","popularity":39.583772,"rating":7.3,"ratingCount":14879,"runtime":162,"releaseDate":"2009-12-10","revenue":2787965087,"budget":237000000,"posterPath":"/kmcqlZGaSh20zpTbuoF0Cdn07dT.jpg","originalLanguage":"en","genres":[{"id":28,"name":"Action"},{"id":12,"name":"Adventure"},{"id":14,"name":"Fantasy"},{"id":878,"name":"Science Fiction"}],"cast":[{"id":65731,"gender":2,"name":"Sam Worthington","character":"Jake Sully","profilePath":"/9XzAE3ZnCnazub4xrSY8YBN7sNq.jpg"},{"id":8691,"gender":1,"name":"Zoe Saldana","character":"Princess Neytiri","profilePath":"/ofNrWiA2KDdqiNxFTLp51HcXUlp.jpg"},{"id":10205,"gender":1,"name":"Sigourney Weaver","character":"Dr. Grace Augustine","profilePath":"/gxBIAr3CnBjkNRoPovVJCvEGqP0.jpg"},{"id":32747,"gender":2,"name":"Stephen Lang","character":"Col. Quaritch","profilePath":"/tqF6ibURpLvRPlgvLRvjCQqWaa2.jpg"},{"id":17647,"gender":1,"name":"Michelle Rodriguez","character":"Trudy Chacon","profilePath":"/v37VK0MNuRuJOCKPKJcZAJXRA5r.jpg"},{"id":1771,"gender":2,"name":"Giovanni Ribisi","character":"Selfridge","profilePath":"/jvq2pimmpNdQj8o75Au9RKC7E1z.jpg"},{"id":59231,"gender":2,"name":"Joel David Moore","character":"Norm Spellman","profilePath":"/y6AyGCsQHLoi4LegSS7VRtgRyJe.jpg"}]},"20352":{"id":20352,"title":"Despicable Me","tagline":"Superbad. Superdad.","overview":"Villainous Gru lives up to his reputation as a despicable, deplorable and downright unlikable guy when he hatches a plan to steal the moon from the sky. But he has a tough time staying on task after three orphans land in his care.","popularity":25.548149,"rating":7.2,"ratingCount":7997,"runtime":95,"releaseDate":"2010-07-08","revenue":543513985,"budget":69000000,"posterPath":"/4zHJhBSY4kNZXfhTlmy2TzXD51M.jpg","originalLanguage":"en","genres":[{"id":16,"name":"Animation"},{"id":10751,"name":"Family"},{"id":35,"name":"Comedy"}],"cast":[{"id":4495,"gender":2,"name":"Steve Carell","character":"Gru (voice)","profilePath":"/jHo6HUDgTL7j6wmipCzvjMGM0Dm.jpg"},{"id":41088,"gender":2,"name":"Jason Segel","character":"Vector (voice)","profilePath":"/49zyYG6HSQm76mN1SLmCCzgIN0Y.jpg"},{"id":59919,"gender":2,"name":"Russell Brand","character":"Dr. Nefario (voice)","profilePath":"/WwyYUbZYq4YJ7Zh7KTy1klJNso.jpg"},{"id":5823,"gender":1,"name":"Julie Andrews","character":"Gru's Mother (voice)","profilePath":"/yQ0J92DMiLtQYoytLJ6CuBkdeN0.jpg"},{"id":21200,"gender":2,"name":"Will Arnett","character":"Mr. Perkins (voice)","profilePath":"/vHCqn3SHfSV6GOWrxzEtoDaSMoU.jpg"},{"id":41091,"gender":1,"name":"Kristen Wiig","character":"Miss Hattie (voice)","profilePath":"/iqRX3PDxA33zFhSfKTo5BE593G4.jpg"},{"id":17743,"gender":1,"name":"Miranda Cosgrove","character":"Margo (voice)","profilePath":"/i3Xnuc3ZOqtiwhwDgSf0t7WXz77.jpg"}]},"24428":{"id":24428,"title":"The Avengers","tagline":"Some assembly required.","overview":"When an unexpected enemy emerges and threatens global safety and security, Nick Fury, director of the international peacekeeping agency known as S.H.I.E.L.D., finds himself in need of a team to pull the world back from the brink of disaster. Spanning the globe, a daring recruitment effort begins!","popularity":81.482801,"rating":7.5,"ratingCount":14829,"runtime":143,"releaseDate":"2012-04-25","revenue":1519557910,"budget":220000000,"posterPath":"/cezWGskPY5x7GaglTTRN4Fugfb8.jpg","originalLanguage":"en","genres":[{"id":878,"name":"Science Fiction"},{"id":28,"name":"Action"},{"id":12,"name":"Adventure"}],"cast":[{"id":3223,"gender":2,"name":"Robert Downey Jr.","character":"Tony Stark / Iron Man","profilePath":"/1YjdSym1jTG7xjHSI0yGGWEsw5i.jpg"},{"id":16828,"gender":2,"name":"Chris Evans","character":"Steve Rogers / Captain America","profilePath":"/kRlx7PxXkom7Daj8Z2HmcbPQB1o.jpg"},{"id":103,"gender":2,"name":"Mark Ruffalo","character":"Bruce Banner / The Hulk","profilePath":"/isQ747u0MU8U9gdsNlPngjABclH.jpg"},{"id":74568,"gender":2,"name":"Chris Hemsworth","character":"Thor Odinson","profilePath":"/lrhth7yK9p3vy6p7AabDUM1THKl.jpg"},{"id":1245,"gender":1,"name":"Scarlett Johansson","character":"Natasha Romanoff / Black Widow","profilePath":"/oqvusJfmH4zN2LgdCjmB2TxetOd.jpg"},{"id":17604,"gender":2,"name":"Jeremy Renner","character":"Clint Barton / Hawkeye","profilePath":"/l6CxIOFCjF65298teEJd5mCnPDO.jpg"},{"id":91606,"gender":2,"name":"Tom Hiddleston","character":"Loki","profilePath":"/qB1lHPFBPIzw6I7EvsciZ5wyUNS.jpg"}]},"27205":{"id":27205,"title":"Inception","tagline":"Your mind is the scene of the crime.","overview":"Cobb, a skilled thief who commits corporate espionage by infiltrating the subconscious of his targets is offered a chance to regain his old life as payment for a task considered to be impossible: \"inception\", the implantation of another person's idea into a target's subconscious.","popularity":27.581698,"rating":8.2,"ratingCount":17341,"runtime":148,"releaseDate":"2010-07-14","revenue":825532764,"budget":160000000,"posterPath":"/qmDpIHrmpJINaRKAfWQfftjCdyi.jpg","originalLanguage":"en","genres":[{"id":28,"name":"Action"},{"id":53,"name":"Thriller"},{"id":878,"name":"Science Fiction"},{"id":9648,"name":"Mystery"},{"id":12,"name":"Adventure"}],"cast":[{"id":6193,"gender":2,"name":"Leonardo DiCaprio","character":"Dom Cobb","profilePath":"/w7bU92hsW21RgBgQRgvsEBFMA4h.jpg"},{"id":24045,"gender":2,"name":"Joseph Gordon-Levitt","character":"Arthur","profilePath":"/zSuXCR6xCKIgo0gWLdp8moMlH3I.jpg"},{"id":27578,"gender":1,"name":"Ellen Page","character":"Ariadne","profilePath":"/y3vnDOSEpX2OO6WxSnrAbRE6xLG.jpg"},{"id":2524,"gender":2,"name":"Tom Hardy","character":"Eames","profilePath":"/4CR1D9VLWZcmGgh4b6kKuY2NOel.jpg"},{"id":3899,"gender":2,"name":"Ken Watanabe","character":"Saito","profilePath":"/v8WQ5wCIZsnqVZn7jQveaDqurox.jpg"},{"id":2037,"gender":2,"name":"Cillian Murphy","character":"Robert Fischer","profilePath":"/3DZAf9CwXmfV2HZOEdqeZAGTndV.jpg"},{"id":8293,"gender":1,"name":"Marion Cotillard","character":"Mal","profilePath":"/wuEWDK1D2v26KRDIY7DTHBaSdwA.jpg"}]},"32657":{"id":32657,"title":"Percy Jackson & the Olympians: The Lightning Thief","tagline":"Worlds Collide","overview":"Accident prone teenager, Percy discovers he's actually a demi-God, the son of Poseidon, and he is needed when Zeus' lightning is stolen. Percy must master his new found skills in order to prevent a war between the Gods that could devastate the entire world.","popularity":23.745026,"rating":6,"ratingCount":2831,"runtime":118,"releaseDate":"2010-02-01","revenue":226497209,"budget":95000000,"posterPath":"/5NhyXkodMzDRW8uqtPqlxJsoBhf.jpg","originalLanguage":"en","genres":[{"id":12,"name":"Adventure"},{"id":14,"name":"Fantasy"},{"id":10751,"name":"Family"}],"cast":[{"id":33235,"gender":2,"name":"Logan Lerman","character":"Percy Jackson","profilePath":"/A8Cws1ZLrUyHa2s8D2rsBeohgh3.jpg"},{"id":53336,"gender":2,"name":"Brandon T. Jackson","character":"Grover Underwood","profilePath":"/dbToaM0GR8zxFFj2CmwDGCbfMXx.jpg"},{"id":109513,"gender":1,"name":"Alexandra Daddario","character":"Annabeth Chase","profilePath":"/s544zfrPI1Dnk60t1x1KUXF4iH3.jpg"},{"id":105727,"gender":2,"name":"Jake Abel","character":"Luke Castellan","profilePath":"/b42lzZ38SHl4n1Oe2EHS9XNHdtO.jpg"},{"id":48,"gender":2,"name":"Sean Bean","character":"Zeus","profilePath":"/iIxP2IzvcLgr5WaTBD4UfSqaV3q.jpg"},{"id":517,"gender":2,"name":"Pierce Brosnan","character":"Mr. Brunner / Chiron","profilePath":"/1JXL0zrA26JjdoX8sqf57fJRDVM.jpg"},{"id":4581,"gender":2,"name":"Steve Coogan","character":"Hades","profilePath":"/ljhsNmGQQrgeBj64x5uL27U6UqY.jpg"}]},"36557":{"id":36557,"title":"Casino Royale","tagline":"Everyone has a past. Every legend has a beginning.","overview":"Le Chiffre, a banker to the world's terrorists, is scheduled to participate in a high-stakes poker game in Montenegro, where he intends to use his winnings to establish his financial grip on the terrorist market. M sends Bond – on his maiden mission as a 00 Agent – to attend this game and prevent Le Chiffre from winning. With the help of Vesper Lynd and Felix Leiter, Bond enters the most important poker game in his already dangerous career.","popularity":25.611644,"rating":7.3,"ratingCount":4814,"runtime":144,"releaseDate":"2006-11-14","revenue":599045960,"budget":150000000,"posterPath":"/zlWBxz2pTA9p45kUTrI8AQiKrHm.jpg","originalLanguage":"en","genres":[{"id":12,"name":"Adventure"},{"id":28,"name":"Action"},{"id":53,"name":"Thriller"}],"cast":[{"id":8784,"gender":2,"name":"Daniel Craig","character":"James Bond","profilePath":"/mr6cdu6lLRscfFUv8onVWZqaRdZ.jpg"},{"id":10912,"gender":1,"name":"Eva Green","character":"Vesper Lynd","profilePath":"/wqK0BhMuNBvDqIg1bwT9RhYMy6L.jpg"},{"id":1019,"gender":2,"name":"Mads Mikkelsen","character":"Le Chiffre","profilePath":"/8F1dY2rjZ1YDEKH0imDs21xdTDX.jpg"},{"id":5309,"gender":1,"name":"Judi Dench","character":"M","profilePath":"/2is9RvJ3BQAku2EtCmyk5EZoxzT.jpg"},{"id":2954,"gender":2,"name":"Jeffrey Wright","character":"Felix Leiter","profilePath":"/wBh9rwK3aRr1hCrSRLxxPHKzGeU.jpg"},{"id":3753,"gender":2,"name":"Giancarlo Giannini","character":"René Mathis","profilePath":"/tIUO3sO3wIuxGNAlZ1c7zMySln3.jpg"},{"id":10916,"gender":1,"name":"Caterina Murino","character":"Solange Dimitrios","profilePath":"/4jGqHO8driLwa4rU19J0tif5ck8.jpg"}]},"37724":{"id":37724,"title":"Skyfall","tagline":"Think on your sins.","overview":"When Bond's latest assignment goes gravely wrong and agents around the world are exposed, MI6 is attacked forcing M to relocate the agency. These events cause her authority and position to be challenged by Gareth Mallory, the new Chairman of the Intelligence and Security Committee. With MI6 now compromised from both inside and out, M is left with one ally she can trust: Bond. 007 takes to the shadows - aided only by field agent, Eve - following a trail to the mysterious Silva, whose lethal and hidden motives have yet to reveal themselves.","popularity":25.574407,"rating":7,"ratingCount":8919,"runtime":143,"releaseDate":"2012-10-25","revenue":1108561013,"budget":200000000,"posterPath":"/uVALAeLEMGMf3oYpvdVi4uuaNOo.jpg","originalLanguage":"en","genres":[{"id":28,"name":"Action"},{"id":12,"name":"Adventure"},{"id":53,"name":"Thriller"}],"cast":[{"id":8784,"gender":2,"name":"Daniel Craig","character":"James Bond","profilePath":"/mr6cdu6lLRscfFUv8onVWZqaRdZ.jpg"},{"id":5309,"gender":1,"name":"Judi Dench","character":"M","profilePath":"/2is9RvJ3BQAku2EtCmyk5EZoxzT.jpg"},{"id":3810,"gender":2,"name":"Javier Bardem","character":"Silva","profilePath":"/p5xjCovj1uzvA2SXrWLH78Nh1Jf.jpg"},{"id":5469,"gender":2,"name":"Ralph Fiennes","character":"Gareth Mallory / M","profilePath":"/kIRs1PlRtGH1C5Hr3fK2oyDtJXF.jpg"},{"id":2038,"gender":1,"name":"Naomie Harris","character":"Eve","profilePath":"/3Y55D8wZgg4CkKadhXvSh91Q121.jpg"},{"id":1030261,"gender":1,"name":"Bérénice Marlohe","character":"Sévérine","profilePath":"/b47vhF4F7P07nwQfiG9VeJbr1Ow.jpg"},{"id":3926,"gender":0,"name":"Albert Finney","character":"Kincade","profilePath":"/2BTzSQUa3RXPqeeNjbJqnyIBePE.jpg"}]},"45054":{"id":45054,"title":"There Be Dragons","tagline":"","overview":"Arising out of the horror of the Spanish Civil War, a candidate for canonization is investigated by a journalist who discovers his own estranged father had a deep, dark and devastating connection to the saint's life.While researching the life of Josemaria Escriva, the controversial founder of Opus Dei, the young journalist Robert uncovers hidden stories of his estranged father Manolo, and is taken on a journey through the dark, terrible secrets of his family’s past.","popularity":25.747312,"rating":4.9,"ratingCount":75,"runtime":112,"releaseDate":"2011-03-25","revenue":0,"budget":0,"posterPath":"/dKgPtWZkHkTeYQRvLTsO0RBYaQZ.jpg","originalLanguage":"en","genres":[{"id":18,"name":"Drama"}],"cast":[{"id":23458,"gender":2,"name":"Charlie Cox","character":"Josemaría","profilePath":"/y4GtcvR3VfpSWRiRfuIzRdRQCuU.jpg"},{"id":15336,"gender":2,"name":"Dougray Scott","character":"Robert","profilePath":"/zeZmtK4EKK9R2r6bp2nTxMs3ByS.jpg"},{"id":8210,"gender":2,"name":"Wes Bentley","character":"Manolo","profilePath":"/fbHHalL9CS52zvJp015G31vwX23.jpg"},{"id":17289,"gender":2,"name":"Rodrigo Santoro","character":"Oriol","profilePath":"/yI23sv0KbEz2WhSgzC1aMCi0qeT.jpg"},{"id":31384,"gender":2,"name":"Jordi Mollà","character":"Don Jose","profilePath":"/2XEuPT0T9SRwcpsOXD9vMpm4Vad.jpg"},{"id":937,"gender":2,"name":"Derek Jacobi","character":"Honorio","profilePath":"/jJ4MkVS59gCfJhWMfLTbeHKjoyC.jpg"},{"id":24976,"gender":1,"name":"Ana Torrent","character":"Dona","profilePath":"/20fCWHV6CckcpwiSlAplJCSzBZj.jpg"}]},"47971":{"id":47971,"title":"xXx: Return of Xander Cage","tagline":"There are no more patriots, just rebels and tyrants.","overview":"Extreme athlete turned government operative Xander Cage comes out of self-imposed exile, thought to be long dead, and is set on a collision course with deadly alpha warrior Xiang and his team in a race to recover a sinister and seemingly unstoppable weapon known as Pandora's Box. Recruiting an all-new group of thrill-seeking cohorts, Xander finds himself enmeshed in a deadly conspiracy that points to collusion at the highest levels of world governments.","popularity":25.255484,"rating":5.6,"ratingCount":1904,"runtime":107,"releaseDate":"2017-01-13","revenue":346147658,"budget":85000000,"posterPath":"/yNsdyNbQqaKN0TQxkHMws2KLTJ6.jpg","originalLanguage":"en","genres":[{"id":28,"name":"Action"},{"id":12,"name":"Adventure"},{"id":80,"name":"Crime"}],"cast":[{"id":12835,"gender":2,"name":"Vin Diesel","character":"Xander Cage","profilePath":"/mjRdM6w6Uz1UnrKQ5Kw02qGln2K.jpg"},{"id":9778,"gender":2,"name":"Ice Cube","character":"Darius Stone","profilePath":"/dzdn1tyWkC4EjlBVKvpAhg5osYA.jpg"},{"id":2231,"gender":2,"name":"Samuel L. Jackson","character":"Agent Augustus Gibbons","profilePath":"/AvCReLikjzYEf9XjTQxbv3JWgKT.jpg"},{"id":3051,"gender":1,"name":"Toni Collette","character":"Jane Marke","profilePath":"/oMps1ZPH3dHmqZmrpZcRiyUBgA.jpg"},{"id":1246972,"gender":1,"name":"Ruby Rose","character":"Adele Wolff","profilePath":"/yH11h8nvhtzyiLGfg9exJdAqhVr.jpg"},{"id":53975,"gender":1,"name":"Deepika Padukone","character":"Serena Unger","profilePath":"/kBGmOExBHwbVZDmGegGx3qZWw89.jpg"},{"id":1390948,"gender":2,"name":"Kris Wu","character":"Nicks","profilePath":"/gwtLPwmv54umE5RhtDOEWzahmy.jpg"}]},"49026":{"id":49026,"title":"The Dark Knight Rises","tagline":"The Legend Ends","overview":"Following the death of District Attorney Harvey Dent, Batman assumes responsibility for Dent's crimes to protect the late attorney's reputation and is subsequently hunted by the Gotham City Police Department. Eight years later, Batman encounters the mysterious Selina Kyle and the villainous Bane, a new terrorist leader who overwhelms Gotham's finest. The Dark Knight resurfaces to protect a city that has branded him an enemy.","popularity":25.713473,"rating":7.6,"ratingCount":11207,"runtime":165,"releaseDate":"2012-07-16","revenue":1084939099,"budget":250000000,"posterPath":"/dEYnvnUfXrqvqeRSqvIEtmzhoA8.jpg","originalLanguage":"en","genres":[{"id":28,"name":"Action"},{"id":80,"name":"Crime"},{"id":18,"name":"Drama"},{"id":53,"name":"Thriller"}],"cast":[{"id":3894,"gender":2,"name":"Christian Bale","character":"Bruce Wayne","profilePath":"/pPXnqoGD91znz4FwQ6aKuxi6Pcy.jpg"},{"id":3895,"gender":2,"name":"Michael Caine","character":"Alfred","profilePath":"/vvj0JMSFpOajXCE46Hy4dyqSP2U.jpg"},{"id":64,"gender":2,"name":"Gary Oldman","character":"Commissioner Gordon","profilePath":"/tofLS5A6lBXNjeROGvgpfe2JwaT.jpg"},{"id":1813,"gender":1,"name":"Anne Hathaway","character":"Selina","profilePath":"/xENM3XJAtdpolwELYDy9iaCtU4m.jpg"},{"id":2524,"gender":2,"name":"Tom Hardy","character":"Bane","profilePath":"/4CR1D9VLWZcmGgh4b6kKuY2NOel.jpg"},{"id":8293,"gender":1,"name":"Marion Cotillard","character":"Miranda","profilePath":"/wuEWDK1D2v26KRDIY7DTHBaSdwA.jpg"},{"id":24045,"gender":2,"name":"Joseph Gordon-Levitt","character":"Blake","profilePath":"/zSuXCR6xCKIgo0gWLdp8moMlH3I.jpg"}]},"49051":{"id":49051,"title":"The Hobbit: An Unexpected Journey","tagline":"From the smallest beginnings come the greatest legends.","overview":"Bilbo Baggins, a hobbit enjoying his quiet life, is swept into an epic quest by Gandalf the Grey and thirteen dwarves who seek to reclaim their mountain home from Smaug, the dragon.","popularity":23.236036,"rating":7.1,"ratingCount":9989,"runtime":169,"releaseDate":"2012-11-26","revenue":1021103568,"budget":250000000,"posterPath":"/ysX7vDmSh5O19vFjAi56WL7l4nk.jpg","originalLanguage":"en","genres":[{"id":12,"name":"Adventure"},{"id":14,"name":"Fantasy"},{"id":28,"name":"Action"}],"cast":[{"id":7060,"gender":2,"name":"Martin Freeman","character":"Bilbo","profilePath":"/ashlWz2KDQTbo8NPUbVOwcB3zXJ.jpg"},{"id":1327,"gender":2,"name":"Ian McKellen","character":"Gandalf","profilePath":"/coWjgMEYJjk2OrNddlXCBm8EIr3.jpg"},{"id":30315,"gender":2,"name":"Richard Armitage","character":"Thorin","profilePath":"/lRWWodfrOd5SaLnFrz7UryFhasI.jpg"},{"id":1333,"gender":2,"name":"Andy Serkis","character":"Gollum","profilePath":"/olYcaJoZuHVW92gZgtVMUWGqMR8.jpg"},{"id":112,"gender":1,"name":"Cate Blanchett","character":"Galadriel","profilePath":"/eE98pTm0Q2xIn0710VBC603IE5Q.jpg"},{"id":113,"gender":2,"name":"Christopher Lee","character":"Saruman","profilePath":"/aVzp6zflzedmdKPLxaPqcZ05PDK.jpg"},{"id":1331,"gender":2,"name":"Hugo Weaving","character":"Elrond","profilePath":"/ysED1kp94bpnweNVaDoVQQ6iy8X.jpg"}]},"57800":{"id":57800,"title":"Ice Age: Continental Drift","tagline":"Manny, Diego, and Sid embark upon another adventure after their continent is set adrift.","overview":"Manny, Diego, and Sid embark upon another adventure after their continent is set adrift. Using an iceberg as a ship, they encounter sea creatures and battle pirates as they explore a new world.","popularity":29.691214,"rating":6.2,"ratingCount":3451,"runtime":88,"releaseDate":"2012-06-26","revenue":877244782,"budget":95000000,"posterPath":"/u30xsZd3mijrdBKA6CeDsozx48g.jpg","originalLanguage":"en","genres":[{"id":16,"name":"Animation"},{"id":35,"name":"Comedy"},{"id":12,"name":"Adventure"},{"id":10751,"name":"Family"}],"cast":[{"id":5723,"gender":2,"name":"John Leguizamo","character":"Sid (voice)","profilePath":"/rbq24AzthnwRXUYcVfUnP5bKN50.jpg"},{"id":15757,"gender":2,"name":"Ray Romano","character":"Manny (voice)","profilePath":"/zWT03QvuVYySlrjmHCojKrNYjoC.jpg"},{"id":5713,"gender":2,"name":"Chris Wedge","character":"Scrat (voice)","profilePath":"/iFT7oH4LdkByqwPgAs2XfNVJCXO.jpg"},{"id":5724,"gender":2,"name":"Denis Leary","character":"Diego (voice)","profilePath":"/lnk4HjUeqDlT6Kg9PaQsVIDpl56.jpg"},{"id":57599,"gender":2,"name":"Seann William Scott","character":"Crash (voice)","profilePath":"/c7iqFLkgNiTMAS9xGw0GlfJcm4H.jpg"},{"id":16866,"gender":1,"name":"Jennifer Lopez","character":"Shira (voice)","profilePath":"/yOz9MwgY9IV4kV9QdJyMCrATHCw.jpg"},{"id":15758,"gender":1,"name":"Queen Latifah","character":"Ellie (voice)","profilePath":"/ht52no1SMDhYBwRAmWL9a5YCss1.jpg"}]},"61791":{"id":61791,"title":"Rise of the Planet of the Apes","tagline":"Evolution Becomes Revolution.","overview":"Scientist Will Rodman is determined to find a cure for Alzheimer's, the disease which has slowly consumed his father. Will feels certain he is close to a breakthrough and tests his latest serum on apes, noticing dramatic increases in intelligence and brain activity in the primate subjects – especially Caesar, his pet chimpanzee.","popularity":42.17334,"rating":7.1,"ratingCount":5733,"runtime":105,"releaseDate":"2011-08-03","revenue":482860185,"budget":93000000,"posterPath":"/ddWSWgAjAhksNhMeeBTSqY6otIA.jpg","originalLanguage":"en","genres":[{"id":53,"name":"Thriller"},{"id":28,"name":"Action"},{"id":18,"name":"Drama"},{"id":878,"name":"Science Fiction"}],"cast":[{"id":17051,"gender":2,"name":"James Franco","character":"Will Rodman","profilePath":"/m9he3UnbmAAxkV1XH2EmzkNfkaS.jpg"},{"id":76792,"gender":1,"name":"Freida Pinto","character":"Caroline Aranha","profilePath":"/hz12Lob7MclGLzMIX5rTUFhmDCW.jpg"},{"id":12074,"gender":2,"name":"John Lithgow","character":"Charles Rodman","profilePath":"/uquz3dZ0fs0lAK57lCXwxaslVkb.jpg"},{"id":1248,"gender":2,"name":"Brian Cox","character":"John Landon","profilePath":"/m15C58NWii5WCIg57Llr7hejnfy.jpg"},{"id":10993,"gender":2,"name":"Tom Felton","character":"Dodge Landon","profilePath":"/1lzM9lcwuZynxX3WEfzJqAAxVag.jpg"},{"id":1333,"gender":2,"name":"Andy Serkis","character":"Caesar","profilePath":"/olYcaJoZuHVW92gZgtVMUWGqMR8.jpg"},{"id":35013,"gender":2,"name":"David Oyelowo","character":"Steven Jacobs","profilePath":"/uhFLGQqNmhLgcqgITkoGoHy9FTl.jpg"}]},"68721":{"id":68721,"title":"Iron Man 3","tagline":"Unleash the power behind the armor.","overview":"When Tony Stark's world is torn apart by a formidable terrorist called the Mandarin, he starts an odyssey of rebuilding and retribution.","popularity":35.261548,"rating":6.8,"ratingCount":10907,"runtime":130,"releaseDate":"2013-04-18","revenue":1215439994,"budget":200000000,"posterPath":"/1Ilv6ryHUv6rt9zIsbSEJUmmbEi.jpg","originalLanguage":"en","genres":[{"id":28,"name":"Action"},{"id":12,"name":"Adventure"},{"id":878,"name":"Science Fiction"}],"cast":[{"id":3223,"gender":2,"name":"Robert Downey Jr.","character":"Tony Stark / Iron Man","profilePath":"/1YjdSym1jTG7xjHSI0yGGWEsw5i.jpg"},{"id":12052,"gender":1,"name":"Gwyneth Paltrow","character":"Virginia \"Pepper\" Potts","profilePath":"/8x3jpWD7DEvyMXO1FOjwNdd1UZT.jpg"},{"id":1896,"gender":2,"name":"Don Cheadle","character":"Lt. Col. James \"Rhodey\" Rhodes / War Machine","profilePath":"/b1EVJWdFn7a75qVYJgwO87W2TJU.jpg"},{"id":529,"gender":2,"name":"Guy Pearce","character":"Aldrich Killian / The Mandarin","profilePath":"/vTqk6Nh3WgqPubkS23eOlMAwmwa.jpg"},{"id":2282,"gender":2,"name":"Ben Kingsley","character":"Trevor Slattery","profilePath":"/2Eu3j31JDJek70ZXLY6xfeUaJoR.jpg"},{"id":15556,"gender":1,"name":"Rebecca Hall","character":"Maya Hansen","profilePath":"/euDiI3wFKC6rreEU1Kz6EhSBYP4.jpg"},{"id":15277,"gender":2,"name":"Jon Favreau","character":"Harold \"Happy\" Hogan","profilePath":"/sJSGJwGa3hjMlJNUCxF7wQwo7fb.jpg"}]},"68726":{"id":68726,"title":"Pacific Rim","tagline":"To Fight Monsters, We Created Monsters","overview":"When legions of monstrous creatures, known as Kaiju, started rising from the sea, a war began that would take millions of lives and consume humanity's resources for years on end. To combat the giant Kaiju, a special type of weapon was devised: massive robots, called Jaegers, which are controlled simultaneously by two pilots whose minds are locked in a neural bridge. But even the Jaegers are proving nearly defenseless in the face of the relentless Kaiju. On the verge of defeat, the forces defending mankind have no choice but to turn to two unlikely heroes—a washed-up former pilot (Charlie Hunnam) and an untested trainee (Rinko Kikuchi)—who are teamed to drive a legendary but seemingly obsolete Jaeger from the past. Together, they stand as mankind's last hope against the mounting apocalypse.","popularity":26.121309,"rating":6.7,"ratingCount":6144,"runtime":131,"releaseDate":"2013-07-11","revenue":407602906,"budget":180000000,"posterPath":"/sCJEwEShZvruTpQ2a4yiX3Q9EyZ.jpg","originalLanguage":"en","genres":[{"id":28,"name":"Action"},{"id":878,"name":"Science Fiction"},{"id":12,"name":"Adventure"}],"cast":[{"id":17605,"gender":2,"name":"Idris Elba","character":"Stacker Pentecost","profilePath":"/d9NkfCwczP0TjgrjpF94jF67SK8.jpg"},{"id":56365,"gender":2,"name":"Charlie Hunnam","character":"Raleigh Becket","profilePath":"/nmHtkCyaiVCzwFQe4nPucsVRcBX.jpg"},{"id":18054,"gender":1,"name":"Rinko Kikuchi","character":"Mako Mori","profilePath":"/n1GSGFdpoiDXT3ozZflsmcJy21Y.jpg"},{"id":5365,"gender":2,"name":"Clifton Collins Jr.","character":"Tendo Choi","profilePath":"/31FbXPcEwKLE1eiQ8ceyQpsnheE.jpg"},{"id":94864,"gender":2,"name":"Max Martini","character":"Herc Hansen","profilePath":"/fUGKNDsQnKCLzNrWyyBkx7O26XC.jpg"},{"id":1038379,"gender":2,"name":"Robert Kazinsky","character":"Chuck Hansen","profilePath":"/h54Qs5LK19NT2ZA2ysRzjjnuODH.jpg"},{"id":2372,"gender":2,"name":"Ron Perlman","character":"Hannibal Chau","profilePath":"/xZyrXT2iEmSOokQRc1hedmxrbTi.jpg"}]},"71805":{"id":71805,"title":"Shipwrecked","tagline":"","overview":"A young Norwegian boy in 1850s England goes to work as a cabin boy and discovers some of his shipmates are actually pirates.","popularity":28.200869,"rating":6.1,"ratingCount":15,"runtime":92,"releaseDate":"1990-10-03","revenue":0,"budget":0,"posterPath":"/jf2PkR0Yt0ZRMKqtJzwja7JV2Hk.jpg","originalLanguage":"no","genres":[{"id":12,"name":"Adventure"},{"id":10751,"name":"Family"}],"cast":[{"id":563838,"gender":0,"name":"Stian Smestad","character":"Haakon Haakonsen","profilePath":null},{"id":5168,"gender":2,"name":"Gabriel Byrne","character":"Lt. John Merrick","profilePath":"/lFIH4De52Eg21m7pScPMXezZDUh.jpg"},{"id":137748,"gender":0,"name":"Louisa Milwood-Haigh","character":"Mary","profilePath":"/dyB9fdYCZLqPhB6PYUosIJBbrBE.jpg"},{"id":71186,"gender":2,"name":"Bjørn Sundquist","character":"Mr. Håkonsen","profilePath":"/4e4fDL75LqtIQXLtbkvc2oCx209.jpg"},{"id":135121,"gender":2,"name":"Joachim Rafaelsen","character":"Ole","profilePath":"/s5S2A0ZeDhwlSMAsdZK0izrUNES.jpg"},{"id":174723,"gender":2,"name":"William Ilkley","character":"Pirate","profilePath":null},{"id":1478933,"gender":0,"name":"Trond Peter Stamsø Munch","character":"Jens","profilePath":null}]},"75656":{"id":75656,"title":"Now You See Me","tagline":"4 amazing magicians. 3 impossible heists. 1 billion dollars. This is no illusion.","overview":"An FBI agent and an Interpol detective track a team of illusionists who pull off bank heists during their performances and reward their audiences with the money.","popularity":23.986066,"rating":7.3,"ratingCount":7415,"runtime":115,"releaseDate":"2013-05-29","revenue":117698894,"budget":75000000,"posterPath":"/A06e9YJ5ry3WXEIFIAD1mKBxcuZ.jpg","originalLanguage":"en","genres":[{"id":53,"name":"Thriller"},{"id":80,"name":"Crime"}],"cast":[{"id":44735,"gender":2,"name":"Jesse Eisenberg","character":"J. Daniel Atlas","profilePath":"/c01G88eCpiLLmT4RIWGkr7nm31o.jpg"},{"id":103,"gender":2,"name":"Mark Ruffalo","character":"Dylan Rhodes","profilePath":"/isQ747u0MU8U9gdsNlPngjABclH.jpg"},{"id":57755,"gender":2,"name":"Woody Harrelson","character":"Merritt McKinney","profilePath":"/1ecdooAHICUhCZKKEKlFtccEmTU.jpg"},{"id":19119,"gender":1,"name":"Mélanie Laurent","character":"Alma Dray","profilePath":"/pKV3XJ6mlzfj0B0MGS8uMcMI9cl.jpg"},{"id":52848,"gender":1,"name":"Isla Fisher","character":"Henley Reeves","profilePath":"/15aRHYLwt9xJWv8PCcxV7ylc4qZ.jpg"},{"id":54697,"gender":2,"name":"Dave Franco","character":"Jack Wilder","profilePath":"/sWsW3mFSJzfbMUf43R0J8tY8BeW.jpg"},{"id":3895,"gender":2,"name":"Michael Caine","character":"Arthur Tressler","profilePath":"/vvj0JMSFpOajXCE46Hy4dyqSP2U.jpg"}]},"76338":{"id":76338,"title":"Thor: The Dark World","tagline":"Delve into the darkness","overview":"Thor fights to restore order across the cosmos… but an ancient race led by the vengeful Malekith returns to plunge the universe back into darkness. Faced with an enemy that even Odin and Asgard cannot withstand, Thor must embark on his most perilous and personal journey yet, one that will reunite him with Jane Foster and force him to sacrifice everything to save us all.","popularity":79.742347,"rating":6.7,"ratingCount":6951,"runtime":112,"releaseDate":"2013-10-29","revenue":644571402,"budget":170000000,"posterPath":"/bnX5PqAdQZRXSw3aX3DutDcdso5.jpg","originalLanguage":"en","genres":[{"id":28,"name":"Action"},{"id":12,"name":"Adventure"},{"id":14,"name":"Fantasy"}],"cast":[{"id":74568,"gender":2,"name":"Chris Hemsworth","character":"Thor Odinson","profilePath":"/lrhth7yK9p3vy6p7AabDUM1THKl.jpg"},{"id":524,"gender":1,"name":"Natalie Portman","character":"Jane Foster","profilePath":"/rtLTG4yrEcROXhTBGXMrbyiUEC5.jpg"},{"id":91606,"gender":2,"name":"Tom Hiddleston","character":"Loki","profilePath":"/qB1lHPFBPIzw6I7EvsciZ5wyUNS.jpg"},{"id":4173,"gender":2,"name":"Anthony Hopkins","character":"Odin","profilePath":"/btweZvSRBiE6jaMME93BSXeTQN6.jpg"},{"id":1640,"gender":2,"name":"Stellan Skarsgård","character":"Erik Selvig","profilePath":"/zSCU2agleLtJEvzj98jEesVhBxa.jpg"},{"id":17605,"gender":2,"name":"Idris Elba","character":"Heimdall","profilePath":"/d9NkfCwczP0TjgrjpF94jF67SK8.jpg"},{"id":2040,"gender":2,"name":"Christopher Eccleston","character":"Malekith","profilePath":"/9zI0Ed8aGxLPdTQeV0He9Rl0eSX.jpg"}]},"76341":{"id":76341,"title":"Mad Max: Fury Road","tagline":"What a Lovely Day.","overview":"An apocalyptic story set in the furthest reaches of our planet, in a stark desert landscape where humanity is broken, and most everyone is crazed fighting for the necessities of life. Within this world exist two rebels on the run who just might be able to restore order. There's Max, a man of action and a man of few words, who seeks peace of mind following the loss of his wife and child in the aftermath of the chaos. And Furiosa, a woman of action and a woman who believes her path to survival may be achieved if she can make it across the desert back to her childhood homeland.","popularity":26.413841,"rating":7.3,"ratingCount":11622,"runtime":120,"releaseDate":"2015-05-13","revenue":378858340,"budget":150000000,"posterPath":"/kqjL17yufvn9OVLyXYpvtyrFfak.jpg","originalLanguage":"en","genres":[{"id":28,"name":"Action"},{"id":12,"name":"Adventure"},{"id":878,"name":"Science Fiction"},{"id":53,"name":"Thriller"}],"cast":[{"id":2524,"gender":2,"name":"Tom Hardy","character":"Max Rockatansky","profilePath":"/4CR1D9VLWZcmGgh4b6kKuY2NOel.jpg"},{"id":6885,"gender":1,"name":"Charlize Theron","character":"Imperator Furiosa","profilePath":"/k5Xt2mNlraX7yHYaPy9gvayCaKV.jpg"},{"id":3292,"gender":2,"name":"Nicholas Hoult","character":"Nux","profilePath":"/27NbnWKzco1CCDHtR2AVVab8Dli.jpg"},{"id":26060,"gender":2,"name":"Hugh Keays-Byrne","character":"Immortan Joe","profilePath":"/lhYUcPimMMy7Ltp58NkB3RuJzSv.jpg"},{"id":1056053,"gender":2,"name":"Josh Helman","character":"Slit","profilePath":"/rmj2HHc1uNESTlHk50qnCHK11jD.jpg"},{"id":24898,"gender":2,"name":"Nathan Jones","character":"Rictus Erectus","profilePath":"/tNaBOoDSHBaqnoVG4bxShyGLZol.jpg"},{"id":37153,"gender":1,"name":"Zoë Kravitz","character":"Toast the Knowing","profilePath":"/wcl5pdFDAUyDgJ1gfQErXch6FgH.jpg"}]},"81774":{"id":81774,"title":"What Every Frenchwoman Wants","tagline":"","overview":"Roger is a 16-year-old who seeks to lose his virginity in this softcore erotic drama. His initial efforts are unsuccessful, but World War I breaks out and men are seen marching off to battle. Roger goes overboard when he is presented with several amorous opportunities.","popularity":22.599947,"rating":5.1,"ratingCount":49,"runtime":95,"releaseDate":"1986-11-04","revenue":0,"budget":0,"posterPath":"/4mXgEy0RYbzmHuk4LNumfdunmQ7.jpg","originalLanguage":"fr","genres":[{"id":35,"name":"Comedy"},{"id":18,"name":"Drama"}],"cast":[{"id":592458,"gender":2,"name":"Fabrice Josso","character":"Roger","profilePath":"/ekxEkHXVX3Fkgq7tQesA7GtDASQ.jpg"},{"id":41163,"gender":1,"name":"Serena Grandi","character":"Ursule","profilePath":"/xLZXQ5jy3sms7FFi2KOB5p5i0qP.jpg"},{"id":9919,"gender":1,"name":"Claudine Auger","character":"La mère","profilePath":"/lFw5lRx5oY5CKOJkzhQe9EPDy3C.jpg"},{"id":14813,"gender":1,"name":"Marina Vlady","character":"Mme Muller","profilePath":"/ahihmtkWXCND8bLiMlcPjGfHlth.jpg"},{"id":32043,"gender":0,"name":"François Perrot","character":"Le père","profilePath":"/wojUFevXfTZxxeNp5bOhqsBroB.jpg"},{"id":15482,"gender":2,"name":"Aurélien Recoing","character":"Adolphe","profilePath":"/pJpoKybetgI8GIY3vPKbyIurtb.jpg"},{"id":29513,"gender":0,"name":"Rosette","character":"Helene","profilePath":"/l6QetRLtL6YWrybMnO4higNY6Nn.jpg"}]},"87101":{"id":87101,"title":"Terminator Genisys","tagline":"Reset the future","overview":"The year is 2029. John Connor, leader of the resistance continues the war against the machines. At the Los Angeles offensive, John's fears of the unknown future begin to emerge when TECOM spies reveal a new plot by SkyNet that will attack him from both fronts; past and future, and will ultimately change warfare forever.","popularity":32.212997,"rating":5.8,"ratingCount":4414,"runtime":126,"releaseDate":"2015-06-23","revenue":440603537,"budget":155000000,"posterPath":"/5JU9ytZJyR3zmClGmVm9q4Geqbd.jpg","originalLanguage":"en","genres":[{"id":878,"name":"Science Fiction"},{"id":28,"name":"Action"},{"id":53,"name":"Thriller"},{"id":12,"name":"Adventure"}],"cast":[{"id":1100,"gender":2,"name":"Arnold Schwarzenegger","character":"The Terminator","profilePath":"/zooXFWF1JtrV7UnZyGRxXDW11qt.jpg"},{"id":76512,"gender":2,"name":"Jason Clarke","character":"John Connor","profilePath":"/k0wyfdMPh6TSaDKkrreuQIfg1sr.jpg"},{"id":1223786,"gender":1,"name":"Emilia Clarke","character":"Sarah Connor","profilePath":"/j7d083zIMhwnKro3tQqDz2Fq1UD.jpg"},{"id":224181,"gender":2,"name":"Jai Courtney","character":"Kyle Reese","profilePath":"/yJJz9PIrVWnSdfAEOrfhevxNbLO.jpg"},{"id":18999,"gender":2,"name":"J.K. Simmons","character":"Detective O'Brien","profilePath":"/jPoNW5fugs5h8AbcE7H5OBm04Tm.jpg"},{"id":1030512,"gender":2,"name":"Dayo Okeniyi","character":"Danny Dyson","profilePath":"/vRZ0pA5b7lePzHDWL3UPgGGFEdT.jpg"},{"id":136532,"gender":2,"name":"Matt Smith","character":"Alex","profilePath":"/nY7wwXuXVpj3sBkOdf1xNE5mNNR.jpg"}]},"98566":{"id":98566,"title":"Teenage Mutant Ninja Turtles","tagline":"Mysterious. Dangerous. Reptilious. You've never seen heroes like this.","overview":"The city needs heroes. Darkness has settled over New York City as Shredder and his evil Foot Clan have an iron grip on everything from the police to the politicians. The future is grim until four unlikely outcast brothers rise from the sewers and discover their destiny as Teenage Mutant Ninja Turtles. The Turtles must work with fearless reporter April and her wise-cracking cameraman Vern Fenwick to save the city and unravel Shredder's diabolical plan.","popularity":36.352909,"rating":5.8,"ratingCount":3351,"runtime":101,"releaseDate":"2014-08-07","revenue":477200000,"budget":125000000,"posterPath":"/oDL2ryJ0sV2bmjgshVgJb3qzvwp.jpg","originalLanguage":"en","genres":[{"id":878,"name":"Science Fiction"},{"id":28,"name":"Action"},{"id":12,"name":"Adventure"},{"id":14,"name":"Fantasy"},{"id":35,"name":"Comedy"}],"cast":[{"id":19537,"gender":1,"name":"Megan Fox","character":"April O'Neil","profilePath":"/e0ORFw5DcpiGEZ649UdYNwTBntr.jpg"},{"id":21200,"gender":2,"name":"Will Arnett","character":"Vernon Fenwick","profilePath":"/vHCqn3SHfSV6GOWrxzEtoDaSMoU.jpg"},{"id":886,"gender":2,"name":"William Fichtner","character":"Eric Sacks","profilePath":"/oIGjbztWvTqn4tnolW9rDCjpgxu.jpg"},{"id":64295,"gender":2,"name":"Alan Ritchson","character":"Raphael","profilePath":"/aCyp11i8yTFqa8vOAksarDkRfR7.jpg"},{"id":80352,"gender":2,"name":"Noel Fisher","character":"Michelangelo","profilePath":"/57rdFE8AZnhWhwH28QXpeXFhUgB.jpg"},{"id":1163622,"gender":0,"name":"Pete Ploszek","character":"Leonardo","profilePath":"/wFnyDjQkPURu8qjLpqnYoYzs2Dc.jpg"},{"id":9656,"gender":2,"name":"Johnny Knoxville","character":"Leonardo (voice)","profilePath":"/vUultoYGh6mZraKoKPbuwkIZqRD.jpg"}]},"99861":{"id":99861,"title":"Avengers: Age of Ultron","tagline":"A New Age Has Come.","overview":"When Tony Stark tries to jumpstart a dormant peacekeeping program, things go awry and Earth’s Mightiest Heroes are put to the ultimate test as the fate of the planet hangs in the balance. As the villainous Ultron emerges, it is up to The Avengers to stop him from enacting his terrible plans, and soon uneasy alliances and unexpected action pave the way for an epic and unique global adventure.","popularity":56.685648,"rating":7.3,"ratingCount":9301,"runtime":141,"releaseDate":"2015-04-22","revenue":1405403694,"budget":280000000,"posterPath":"/t90Y3G8UGQp0f0DrP60wRu9gfrH.jpg","originalLanguage":"en","genres":[{"id":28,"name":"Action"},{"id":12,"name":"Adventure"},{"id":878,"name":"Science Fiction"}],"cast":[{"id":3223,"gender":2,"name":"Robert Downey Jr.","character":"Tony Stark / Iron Man","profilePath":"/1YjdSym1jTG7xjHSI0yGGWEsw5i.jpg"},{"id":74568,"gender":2,"name":"Chris Hemsworth","character":"Thor Odinson","profilePath":"/lrhth7yK9p3vy6p7AabDUM1THKl.jpg"},{"id":103,"gender":2,"name":"Mark Ruffalo","character":"Bruce Banner / The Hulk","profilePath":"/isQ747u0MU8U9gdsNlPngjABclH.jpg"},{"id":16828,"gender":2,"name":"Chris Evans","character":"Steve Rogers / Captain America","profilePath":"/kRlx7PxXkom7Daj8Z2HmcbPQB1o.jpg"},{"id":1245,"gender":1,"name":"Scarlett Johansson","character":"Natasha Romanoff / Black Widow","profilePath":"/oqvusJfmH4zN2LgdCjmB2TxetOd.jpg"},{"id":17604,"gender":2,"name":"Jeremy Renner","character":"Clint Barton / Hawkeye","profilePath":"/l6CxIOFCjF65298teEJd5mCnPDO.jpg"},{"id":13548,"gender":2,"name":"James Spader","character":"Ultron (voice)","profilePath":"/gFDjZje8P0S3MzHuw1cxiYuHBX5.jpg"}]},"101299":{"id":101299,"title":"The Hunger Games: Catching Fire","tagline":"Every revolution begins with a spark.","overview":"Katniss Everdeen has returned home safe after winning the 74th Annual Hunger Games along with fellow tribute Peeta Mellark. Winning means that they must turn around and leave their family and close friends, embarking on a \"Victor's Tour\" of the districts. Along the way Katniss senses that a rebellion is simmering, but the Capitol is still very much in control as President Snow prepares the 75th Annual Hunger Games (The Quarter Quell) - a competition that could change Panem forever.","popularity":27.338022,"rating":7.4,"ratingCount":8515,"runtime":146,"releaseDate":"2013-11-15","revenue":847423452,"budget":130000000,"posterPath":"/Hn0KgefVEp0GkdTexS6gfKTMfi.jpg","originalLanguage":"en","genres":[{"id":12,"name":"Adventure"},{"id":28,"name":"Action"},{"id":878,"name":"Science Fiction"}],"cast":[{"id":72129,"gender":1,"name":"Jennifer Lawrence","character":"Katniss Everdeen","profilePath":"/naZyy9IqAQDaAbr1kYShLdg6aPR.jpg"},{"id":27972,"gender":2,"name":"Josh Hutcherson","character":"Peeta Mellark","profilePath":"/fuLYoaiiFhkJzAVj5jOtdZ8FlEl.jpg"},{"id":96066,"gender":2,"name":"Liam Hemsworth","character":"Gale Hawthorne","profilePath":"/eVeBiqx1vTsd1QCHOr24Cf13wb.jpg"},{"id":57755,"gender":2,"name":"Woody Harrelson","character":"Haymitch Abernathy","profilePath":"/1ecdooAHICUhCZKKEKlFtccEmTU.jpg"},{"id":9281,"gender":1,"name":"Elizabeth Banks","character":"Effie Trinket","profilePath":"/t6sfUzvQkMZu3wh4LMNBFxEmiDy.jpg"},{"id":77069,"gender":2,"name":"Lenny Kravitz","character":"Cinna","profilePath":"/dGtP6VFtjHkvoDaEGktzTC7oDOQ.jpg"},{"id":1233,"gender":2,"name":"Philip Seymour Hoffman","character":"Plutarch Heavensbee","profilePath":"/vEDJukK8CjIsA0DjNFhoT88TvzS.jpg"}]},"102899":{"id":102899,"title":"Ant-Man","tagline":"Heroes don't get any bigger.","overview":"Armed with the astonishing ability to shrink in scale but increase in strength, master thief Scott Lang must embrace his inner-hero and help his mentor, Doctor Hank Pym, protect the secret behind his spectacular Ant-Man suit from a new generation of towering threats. Against seemingly insurmountable obstacles, Pym and Lang must plan and pull off a heist that will save the world.","popularity":45.04438,"rating":7,"ratingCount":7997,"runtime":117,"releaseDate":"2015-07-14","revenue":519311965,"budget":130000000,"posterPath":"/D6e8RJf2qUstnfkTslTXNTUAlT.jpg","originalLanguage":"en","genres":[{"id":878,"name":"Science Fiction"},{"id":28,"name":"Action"},{"id":12,"name":"Adventure"}],"cast":[{"id":22226,"gender":2,"name":"Paul Rudd","character":"Scott Lang / Ant-Man","profilePath":"/8eTtJ7XVXY0BnEeUaSiTAraTIXd.jpg"},{"id":3392,"gender":2,"name":"Michael Douglas","character":"Dr. Hank Pym","profilePath":"/nmlitv4g2jXO3sJrnA9g980j2uc.jpg"},{"id":19034,"gender":1,"name":"Evangeline Lilly","character":"Hope van Dyne","profilePath":"/h8Lerr3D362n1jZvywtbvUzgBIN.jpg"},{"id":74541,"gender":2,"name":"Corey Stoll","character":"Darren Cross / Yellowjacket","profilePath":"/yhMa3nzOsxQYSLr51OcvCsrovFa.jpg"},{"id":21127,"gender":2,"name":"Bobby Cannavale","character":"Paxton","profilePath":"/o3xnmePoOUCw7sjoZ4xM4W5DL26.jpg"},{"id":454,"gender":2,"name":"Michael Peña","character":"Luis","profilePath":"/oqlIKSglghuX7kSTalODn71nlOd.jpg"},{"id":76126,"gender":2,"name":"T.I.","character":"Dave","profilePath":"/ycNO8wU6H75wDDfojMCTjoxtEmt.jpg"}]},"109445":{"id":109445,"title":"Frozen","tagline":"Only the act of true love will thaw a frozen heart.","overview":"Young princess Anna of Arendelle dreams about finding true love at her sister Elsa’s coronation. Fate takes her on a dangerous journey in an attempt to end the eternal winter that has fallen over the kingdom. She's accompanied by ice delivery man Kristoff, his reindeer Sven, and snowman Olaf. On an adventure where she will find out what friendship, courage, family, and true love really means.","popularity":27.215437,"rating":7.3,"ratingCount":7065,"runtime":102,"releaseDate":"2013-11-27","revenue":1274219009,"budget":150000000,"posterPath":"/jIjdFXKUNtdf1bwqMrhearpyjMj.jpg","originalLanguage":"en","genres":[{"id":16,"name":"Animation"},{"id":12,"name":"Adventure"},{"id":10751,"name":"Family"}],"cast":[{"id":40462,"gender":1,"name":"Kristen Bell","character":"Anna (voice)","profilePath":"/9DoDVUkoXhT3O2R1RymPlOfUryl.jpg"},{"id":19394,"gender":1,"name":"Idina Menzel","character":"Elsa (voice)","profilePath":"/h7xxQ7jVPBy5jjOsE89V3LSAkns.jpg"},{"id":221611,"gender":2,"name":"Jonathan Groff","character":"Kristoff (voice)","profilePath":"/xkFr1vd1pO2Ls2gQxxuMd1mgrfL.jpg"},{"id":54415,"gender":2,"name":"Josh Gad","character":"Olaf (voice)","profilePath":"/6ctni3kK4lPteBAInd7kKZyCdZD.jpg"},{"id":1188241,"gender":2,"name":"Santino Fontana","character":"Hans (voice)","profilePath":"/unQZPxiKxJt5TkOBRO6Retppc4i.jpg"},{"id":21088,"gender":2,"name":"Alan Tudyk","character":"Duke (voice)","profilePath":"/6QuMtbD8kmhpwWhFKfNzEvHRLOu.jpg"},{"id":8785,"gender":2,"name":"Ciarán Hinds","character":"Pabbie / Grandpa (voice)","profilePath":"/h5n8B12WoY1UAZjzSVEup4vsoBw.jpg"}]},"118340":{"id":118340,"title":"Guardians of the Galaxy","tagline":"All heroes start somewhere.","overview":"Light years from Earth, 26 years after being abducted, Peter Quill finds himself the prime target of a manhunt after discovering an orb wanted by Ronan the Accuser.","popularity":112.787814,"rating":7.9,"ratingCount":13108,"runtime":121,"releaseDate":"2014-07-30","revenue":773328629,"budget":170000000,"posterPath":"/y31QB9kn3XSudA15tV7UWQ9XLuW.jpg","originalLanguage":"en","genres":[{"id":28,"name":"Action"},{"id":878,"name":"Science Fiction"},{"id":12,"name":"Adventure"}],"cast":[{"id":73457,"gender":2,"name":"Chris Pratt","character":"Peter Quill / Star-Lord","profilePath":"/n4DD1AYU7WEMNPLga1TxqnHivn1.jpg"},{"id":8691,"gender":1,"name":"Zoe Saldana","character":"Gamora","profilePath":"/ofNrWiA2KDdqiNxFTLp51HcXUlp.jpg"},{"id":543530,"gender":2,"name":"Dave Bautista","character":"Drax the Destroyer","profilePath":"/oZDL1VprkUEFhOtG5WcVjudj5ks.jpg"},{"id":12835,"gender":2,"name":"Vin Diesel","character":"Groot (voice)","profilePath":"/mjRdM6w6Uz1UnrKQ5Kw02qGln2K.jpg"},{"id":51329,"gender":2,"name":"Bradley Cooper","character":"Rocket  Raccoon (voice)","profilePath":"/z5LUl9bljJnah3S5rtN7rScrmI8.jpg"},{"id":72095,"gender":2,"name":"Lee Pace","character":"Ronan the Accuser","profilePath":"/93N1awB9SAUgXTejEFCXUDfi6hP.jpg"},{"id":12132,"gender":2,"name":"Michael Rooker","character":"Yondu Udonta","profilePath":"/bvmf7TIjCyRPrBNrmZ5qyePTL5y.jpg"}]},"119450":{"id":119450,"title":"Dawn of the Planet of the Apes","tagline":"One last chance for peace.","overview":"A group of scientists in San Francisco struggle to stay alive in the aftermath of a plague that is wiping out humanity, while Caesar tries to maintain dominance over his community of intelligent apes.","popularity":56.849614,"rating":7.2,"ratingCount":5697,"runtime":130,"releaseDate":"2014-06-26","revenue":710644566,"budget":170000000,"posterPath":"/2EUAUIu5lHFlkj5FRryohlH6CRO.jpg","originalLanguage":"en","genres":[{"id":878,"name":"Science Fiction"},{"id":28,"name":"Action"},{"id":18,"name":"Drama"},{"id":53,"name":"Thriller"}],"cast":[{"id":1333,"gender":2,"name":"Andy Serkis","character":"Caesar","profilePath":"/olYcaJoZuHVW92gZgtVMUWGqMR8.jpg"},{"id":76512,"gender":2,"name":"Jason Clarke","character":"Malcolm","profilePath":"/k0wyfdMPh6TSaDKkrreuQIfg1sr.jpg"},{"id":64,"gender":2,"name":"Gary Oldman","character":"Dreyfus","profilePath":"/tofLS5A6lBXNjeROGvgpfe2JwaT.jpg"},{"id":41292,"gender":1,"name":"Keri Russell","character":"Ellie","profilePath":"/6fZ5ceRvZtRkRm06HgaV4qCpJNY.jpg"},{"id":20286,"gender":2,"name":"Toby Kebbell","character":"Koba","profilePath":"/wQU3uFk2TWjT2qfs2Z6rkdbWbjx.jpg"},{"id":113505,"gender":2,"name":"Kodi Smit-McPhee","character":"Alexander","profilePath":"/vJLSwYtJH8NHEUDh508XxewnrjD.jpg"},{"id":55861,"gender":2,"name":"Kirk Acevedo","character":"Carver","profilePath":"/9CTkCXyKQrHTFZWFN3JtDM2mF0U.jpg"}]},"122917":{"id":122917,"title":"The Hobbit: The Battle of the Five Armies","tagline":"Witness the defining chapter of the Middle-Earth saga","overview":"Immediately after the events of The Desolation of Smaug, Bilbo and the dwarves try to defend Erebor's mountain of treasure from others who claim it: the men of the ruined Laketown and the elves of Mirkwood. Meanwhile an army of Orcs led by Azog the Defiler is marching on Erebor, fueled by the rise of the dark lord Sauron. Dwarves, elves and men must unite, and the hope for Middle-Earth falls into Bilbo's hands.","popularity":38.590095,"rating":7.2,"ratingCount":6341,"runtime":144,"releaseDate":"2014-12-10","revenue":956019788,"budget":250000000,"posterPath":"/9zRzFJuaj0CHIOhAkcCcFTvyu2X.jpg","originalLanguage":"en","genres":[{"id":28,"name":"Action"},{"id":12,"name":"Adventure"},{"id":14,"name":"Fantasy"}],"cast":[{"id":7060,"gender":2,"name":"Martin Freeman","character":"Bilbo Baggins","profilePath":"/ashlWz2KDQTbo8NPUbVOwcB3zXJ.jpg"},{"id":1327,"gender":2,"name":"Ian McKellen","character":"Gandalf","profilePath":"/coWjgMEYJjk2OrNddlXCBm8EIr3.jpg"},{"id":30315,"gender":2,"name":"Richard Armitage","character":"Thorin Oakenshield","profilePath":"/lRWWodfrOd5SaLnFrz7UryFhasI.jpg"},{"id":71580,"gender":2,"name":"Benedict Cumberbatch","character":"Smaug / Necromancer (voice)","profilePath":"/wz3MRiMmoz6b5X3oSzMRC9nLxY1.jpg"},{"id":112,"gender":1,"name":"Cate Blanchett","character":"Galadriel","profilePath":"/eE98pTm0Q2xIn0710VBC603IE5Q.jpg"},{"id":25136,"gender":2,"name":"Ken Stott","character":"Balin","profilePath":"/7ZThizJB7FLoUNl2V8fqG08rVyv.jpg"},{"id":95047,"gender":2,"name":"Graham McTavish","character":"Dwalin","profilePath":"/eqxR4TGXcY0vLLqR5RkfgVXBgrS.jpg"}]},"126889":{"id":126889,"title":"Alien: Covenant","tagline":"The path to paradise begins in hell","overview":"Bound for a remote planet on the far side of the galaxy, the crew of the colony ship 'Covenant' discovers what is thought to be an uncharted paradise, but is actually a dark, dangerous world – which has its sole inhabitant the 'synthetic', David, survivor of the doomed Prometheus expedition.","popularity":33.976364,"rating":5.8,"ratingCount":3788,"runtime":122,"releaseDate":"2017-05-09","revenue":232380243,"budget":97000000,"posterPath":"/zecMELPbU5YMQpC81Z8ImaaXuf9.jpg","originalLanguage":"en","genres":[{"id":27,"name":"Horror"},{"id":878,"name":"Science Fiction"},{"id":53,"name":"Thriller"}],"cast":[{"id":17288,"gender":2,"name":"Michael Fassbender","character":"David / Walter","profilePath":"/hvtyvcLd3hqRiYECH0bP9IJXCX2.jpg"},{"id":77795,"gender":1,"name":"Katherine Waterston","character":"Daniels Branson","profilePath":"/zgLVX4KJJ6hTD2niGLchkzjfWpJ.jpg"},{"id":8289,"gender":2,"name":"Billy Crudup","character":"Christopher Oram","profilePath":"/pYblSarjmmIUggmOafanD2yk0Zj.jpg"},{"id":62862,"gender":2,"name":"Danny McBride","character":"Tennessee Faris","profilePath":"/44DW4hNukuxNhGwyMScNNKhwflN.jpg"},{"id":76961,"gender":2,"name":"Demián Bichir","character":"Sergeant Carl Lope","profilePath":"/hIldnp3pj3LeDq1rVfGgVy4a7cT.jpg"},{"id":37158,"gender":1,"name":"Carmen Ejogo","character":"Karine Oram","profilePath":"/yAiQAfxCAFw2SNIVpAePKXBvT58.jpg"},{"id":181081,"gender":2,"name":"Jussie Smollett","character":"Ricks","profilePath":"/mENsciBE6E5ZsqhJROfLCpIT4re.jpg"}]},"127585":{"id":127585,"title":"X-Men: Days of Future Past","tagline":"To save the future, they must alter the past","overview":"The ultimate X-Men ensemble fights a war for the survival of the species across two time periods as they join forces with their younger selves in an epic battle that must change the past – to save our future.","popularity":39.61185,"rating":7.5,"ratingCount":7783,"runtime":131,"releaseDate":"2014-05-15","revenue":747862775,"budget":250000000,"posterPath":"/qKkFk9HELmABpcPoc1HHZGIxQ5a.jpg","originalLanguage":"en","genres":[{"id":28,"name":"Action"},{"id":12,"name":"Adventure"},{"id":14,"name":"Fantasy"},{"id":878,"name":"Science Fiction"}],"cast":[{"id":6968,"gender":2,"name":"Hugh Jackman","character":"Logan / Wolverine","profilePath":"/dFbNlPpiEPupTAlNVNh5vrxBU1h.jpg"},{"id":5530,"gender":2,"name":"James McAvoy","character":"Charles Xavier / Professor X (Young)","profilePath":"/cHHDjnhvgeT4TNEovAZCeYNz6Nc.jpg"},{"id":17288,"gender":2,"name":"Michael Fassbender","character":"Erik Lehnsherr / Magneto (Young)","profilePath":"/hvtyvcLd3hqRiYECH0bP9IJXCX2.jpg"},{"id":72129,"gender":1,"name":"Jennifer Lawrence","character":"Raven Darkholme / Mystique","profilePath":"/naZyy9IqAQDaAbr1kYShLdg6aPR.jpg"},{"id":4587,"gender":1,"name":"Halle Berry","character":"Ororo Munroe / Storm","profilePath":"/w7HRZh4UhimZO2F6GywkYhjgAX3.jpg"},{"id":10690,"gender":1,"name":"Anna Paquin","character":"Marie D'Ancanto / Rogue","profilePath":"/5Q4vZK2PqHkreQLmbPspIgrSLUP.jpg"},{"id":27578,"gender":1,"name":"Ellen Page","character":"Katherine \"Kitty\" Pryde / Shadowcat","profilePath":"/y3vnDOSEpX2OO6WxSnrAbRE6xLG.jpg"}]},"131631":{"id":131631,"title":"The Hunger Games: Mockingjay - Part 1","tagline":"Fire burns brighter in the darkness","overview":"Katniss Everdeen reluctantly becomes the symbol of a mass rebellion against the autocratic Capitol.","popularity":34.157016,"rating":6.7,"ratingCount":7655,"runtime":123,"releaseDate":"2014-11-18","revenue":752100229,"budget":125000000,"posterPath":"/gj282Pniaa78ZJfbaixyLXnXEDI.jpg","originalLanguage":"en","genres":[{"id":878,"name":"Science Fiction"},{"id":12,"name":"Adventure"},{"id":53,"name":"Thriller"}],"cast":[{"id":72129,"gender":1,"name":"Jennifer Lawrence","character":"Katniss Everdeen","profilePath":"/naZyy9IqAQDaAbr1kYShLdg6aPR.jpg"},{"id":27972,"gender":2,"name":"Josh Hutcherson","character":"Peeta Mellark","profilePath":"/fuLYoaiiFhkJzAVj5jOtdZ8FlEl.jpg"},{"id":96066,"gender":2,"name":"Liam Hemsworth","character":"Gale Hawthorne","profilePath":"/eVeBiqx1vTsd1QCHOr24Cf13wb.jpg"},{"id":57755,"gender":2,"name":"Woody Harrelson","character":"Haymitch Abernathy","profilePath":"/1ecdooAHICUhCZKKEKlFtccEmTU.jpg"},{"id":55636,"gender":2,"name":"Donald Sutherland","character":"President Snow","profilePath":"/luKIiU3wAAZ5C6j2053g35cRhzE.jpg"},{"id":1233,"gender":2,"name":"Philip Seymour Hoffman","character":"Plutarch Heavensbee","profilePath":"/vEDJukK8CjIsA0DjNFhoT88TvzS.jpg"},{"id":1231,"gender":1,"name":"Julianne Moore","character":"President Alma Coin","profilePath":"/v2FcWGiiuvl6P7NV0966jNL09uh.jpg"}]},"135397":{"id":135397,"title":"Jurassic World","tagline":"The park is open.","overview":"Twenty-two years after the events of Jurassic Park, Isla Nublar now features a fully functioning dinosaur theme park, Jurassic World, as originally envisioned by John Hammond.","popularity":59.721535,"rating":6.5,"ratingCount":10771,"runtime":124,"releaseDate":"2015-06-06","revenue":1513528810,"budget":150000000,"posterPath":"/jjBgi2r5cRt36xF6iNUEhzscEcb.jpg","originalLanguage":"en","genres":[{"id":28,"name":"Action"},{"id":12,"name":"Adventure"},{"id":878,"name":"Science Fiction"},{"id":53,"name":"Thriller"}],"cast":[{"id":73457,"gender":2,"name":"Chris Pratt","character":"Owen Grady","profilePath":"/n4DD1AYU7WEMNPLga1TxqnHivn1.jpg"},{"id":18997,"gender":1,"name":"Bryce Dallas Howard","character":"Claire Dearing","profilePath":"/taWmUeEJvR4j14nydUnVYmhDadT.jpg"},{"id":76793,"gender":2,"name":"Irrfan Khan","character":"Simon Masrani","profilePath":"/p1XDxKIz3z5O1NlXE6xQecKEe7v.jpg"},{"id":7132,"gender":2,"name":"Vincent D'Onofrio","character":"Vic Hoskins","profilePath":"/lUEn7f7xCLuT1kRCHoxMTRnYKXW.jpg"},{"id":1108907,"gender":2,"name":"Nick Robinson","character":"Zach Mitchell","profilePath":"/33RypiHCQc3BkuzZ6WsonrhSIer.jpg"},{"id":17181,"gender":2,"name":"Ty Simpkins","character":"Gray Mitchell","profilePath":"/zkjGHGH47wm8iNpnoyKBRW2LDV6.jpg"},{"id":543505,"gender":2,"name":"Jake Johnson","character":"Lowery Cruthers","profilePath":"/7X6pb4SDs9RoXi5gI4Nl8ZiPO4l.jpg"}]},"140607":{"id":140607,"title":"Star Wars: The Force Awakens","tagline":"Every generation has a story.","overview":"Thirty years after defeating the Galactic Empire, Han Solo and his allies face a new threat from the evil Kylo Ren and his army of Stormtroopers.","popularity":44.712412,"rating":7.4,"ratingCount":10224,"runtime":136,"releaseDate":"2015-12-15","revenue":2068223624,"budget":245000000,"posterPath":"/weUSwMdQIa3NaXVzwUoIIcAi85d.jpg","originalLanguage":"en","genres":[{"id":28,"name":"Action"},{"id":12,"name":"Adventure"},{"id":878,"name":"Science Fiction"},{"id":14,"name":"Fantasy"}],"cast":[{"id":3,"gender":2,"name":"Harrison Ford","character":"Han Solo","profilePath":"/7LOTdRfHU1H1qHBxpUv3jT04eWB.jpg"},{"id":4,"gender":1,"name":"Carrie Fisher","character":"General Leia Organa","profilePath":"/oVYiGe4GzgQkoJfdHg8qKqEoWJz.jpg"},{"id":1315036,"gender":1,"name":"Daisy Ridley","character":"Rey","profilePath":"/jJk36iuuuIWCMekApVeRLYL3x6W.jpg"},{"id":1023139,"gender":2,"name":"Adam Driver","character":"Kylo Ren","profilePath":"/rsjwgpV2OukxOJ9HEiEyf4qu1vR.jpg"},{"id":236695,"gender":2,"name":"John Boyega","character":"Finn","profilePath":"/3153CfpgZQXTzCY0i74WpJumMQe.jpg"},{"id":25072,"gender":2,"name":"Oscar Isaac","character":"Poe Dameron","profilePath":"/cY6ail3ebXDx9FCoZMgVGAbmBus.jpg"},{"id":1267329,"gender":1,"name":"Lupita Nyong'o","character":"Maz Kanata","profilePath":"/95QjzhpCgoNQ06piZRVSPxZTQHd.jpg"}]},"141052":{"id":141052,"title":"Justice League","tagline":"","overview":"Fuelled by his restored faith in humanity and inspired by Superman's selfless act, Bruce Wayne and Diana Prince assemble a team of metahumans consisting of Barry Allen, Arthur Curry and Victor Stone to face the catastrophic threat of Steppenwolf and the Parademons who are on the hunt for three Mother Boxes on Earth.","popularity":54.44243,"rating":6.3,"ratingCount":4531,"runtime":120,"releaseDate":"2017-11-15","revenue":657924295,"budget":500000000,"posterPath":"/eifGNCSDuxJeS1loAXil5bIGgvC.jpg","originalLanguage":"en","genres":[{"id":28,"name":"Action"},{"id":12,"name":"Adventure"},{"id":14,"name":"Fantasy"},{"id":878,"name":"Science Fiction"}],"cast":[{"id":880,"gender":2,"name":"Ben Affleck","character":"Bruce Wayne / Batman","profilePath":"/lowyjtC3tZcNEGrxCGoEwjqgdvk.jpg"},{"id":73968,"gender":2,"name":"Henry Cavill","character":"Kal-El / Clark Kent / Superman","profilePath":"/hErUwonrQgY5Y7RfxOfv8Fq11MB.jpg"},{"id":90633,"gender":1,"name":"Gal Gadot","character":"Diana Prince / Wonder Woman","profilePath":"/yV2nljqQa3MjrrIK4AllDjmJIcs.jpg"},{"id":132157,"gender":2,"name":"Ezra Miller","character":"Barry Allen / Flash","profilePath":"/1tgihUq8F6zPHU9IYyRZ7vI6nme.jpg"},{"id":117642,"gender":2,"name":"Jason Momoa","character":"Arthur Curry / Aquaman","profilePath":"/suNN1bv5Fc3M3CeUp6nVzwrwUDt.jpg"},{"id":1313559,"gender":2,"name":"Ray Fisher","character":"Victor Stone / Cyborg","profilePath":"/130RBXNLxbp6DbzVFQT90RFLmxD.jpg"},{"id":8785,"gender":2,"name":"Ciarán Hinds","character":"Steppenwolf (voice)","profilePath":"/h5n8B12WoY1UAZjzSVEup4vsoBw.jpg"}]},"150689":{"id":150689,"title":"Cinderella","tagline":"Midnight is just the beginning.","overview":"When her father unexpectedly passes away, young Ella finds herself at the mercy of her cruel stepmother and her daughters. Never one to give up hope, Ella's fortunes begin to change after meeting a dashing stranger in the woods.","popularity":26.085409,"rating":6.6,"ratingCount":3268,"runtime":105,"releaseDate":"2015-03-12","revenue":543514353,"budget":95000000,"posterPath":"/o1F2aloaOUufHHOsV0laA9aw9N0.jpg","originalLanguage":"en","genres":[{"id":10749,"name":"Romance"},{"id":14,"name":"Fantasy"},{"id":10751,"name":"Family"},{"id":18,"name":"Drama"}],"cast":[{"id":1016168,"gender":1,"name":"Lily James","character":"Cinderella","profilePath":"/rfN0XMbIQLvgGvm4V8ZaTcFa1II.jpg"},{"id":112,"gender":1,"name":"Cate Blanchett","character":"Lady Tremaine","profilePath":"/eE98pTm0Q2xIn0710VBC603IE5Q.jpg"},{"id":512991,"gender":2,"name":"Richard Madden","character":"Prince \"Kit\" Charming","profilePath":"/4OBtiwJBBIeffW5XyY8u83ZPyoF.jpg"},{"id":1283,"gender":1,"name":"Helena Bonham Carter","character":"Fairy Godmother","profilePath":"/rHZMwkumoRvhKV5ZvwBONKENAhG.jpg"},{"id":937,"gender":2,"name":"Derek Jacobi","character":"The King","profilePath":"/jJ4MkVS59gCfJhWMfLTbeHKjoyC.jpg"},{"id":1640,"gender":2,"name":"Stellan Skarsgård","character":"Grand Duke","profilePath":"/zSCU2agleLtJEvzj98jEesVhBxa.jpg"},{"id":302165,"gender":1,"name":"Holliday Grainger","character":"Anastasia Tremaine","profilePath":"/6hIz4Tu4TojIW5gITv1dw1cRSA3.jpg"}]},"156022":{"id":156022,"title":"The Equalizer","tagline":"What do you see when you look at me?","overview":"In The Equalizer, Denzel Washington plays McCall, a man who believes he has put his mysterious past behind him and dedicated himself to beginning a new, quiet life. But when McCall meets Teri (Chloë Grace Moretz), a young girl under the control of ultra-violent Russian gangsters, he can’t stand idly by – he has to help her. Armed with hidden skills that allow him to serve vengeance against anyone who would brutalize the helpless, McCall comes out of his self-imposed retirement and finds his desire for justice reawakened. If someone has a problem, if the odds are stacked against them, if they have nowhere else to turn, McCall will help. He is The Equalizer.","popularity":39.503457,"rating":7.1,"ratingCount":3641,"runtime":132,"releaseDate":"2014-09-24","revenue":192330738,"budget":55000000,"posterPath":"/2eQfjqlvPAxd9aLDs8DvsKLnfed.jpg","originalLanguage":"en","genres":[{"id":53,"name":"Thriller"},{"id":28,"name":"Action"},{"id":80,"name":"Crime"}],"cast":[{"id":5292,"gender":2,"name":"Denzel Washington","character":"Robert McCall","profilePath":"/semwsON3dN3np6cyzlCw7F2YDGe.jpg"},{"id":20982,"gender":2,"name":"Marton Csokas","character":"Teddy","profilePath":"/g36Ydyv0YbwXLOQ2KzGjFfkCDo1.jpg"},{"id":56734,"gender":1,"name":"Chloë Grace Moretz","character":"Teri","profilePath":"/26ldL80TM8QOmKs7qZFrdYB9y4R.jpg"},{"id":35029,"gender":2,"name":"David Harbour","character":"Masters","profilePath":"/chPekukMF5SNnW6b22NbYPqAStr.jpg"},{"id":58754,"gender":1,"name":"Haley Bennett","character":"Mandy","profilePath":"/1N5SHCEwNElIGVEAmEhanDj2Xqf.jpg"},{"id":8984,"gender":2,"name":"Bill Pullman","character":"Brian Plummer","profilePath":"/pIpTEQVbDif8m8OdjAxQKNCj0D6.jpg"},{"id":6832,"gender":1,"name":"Melissa Leo","character":"Susan Plummer","profilePath":"/fcDdsUAyp7DZEi4UEzGXZEjXlUC.jpg"}]},"157336":{"id":157336,"title":"Interstellar","tagline":"Mankind was born on Earth. It was never meant to die here.","overview":"Interstellar chronicles the adventures of a group of explorers who make use of a newly discovered wormhole to surpass the limitations on human space travel and conquer the vast distances involved in an interstellar voyage.","popularity":31.347111,"rating":8.1,"ratingCount":14116,"runtime":169,"releaseDate":"2014-11-05","revenue":675120017,"budget":165000000,"posterPath":"/nBNZadXqJSdt05SHLqgT0HuC5Gm.jpg","originalLanguage":"en","genres":[{"id":12,"name":"Adventure"},{"id":18,"name":"Drama"},{"id":878,"name":"Science Fiction"}],"cast":[{"id":10297,"gender":2,"name":"Matthew McConaughey","character":"Joseph Cooper","profilePath":"/jdRmHrG0TWXGhs4tO6TJNSoL25T.jpg"},{"id":83002,"gender":1,"name":"Jessica Chastain","character":"Murph Cooper","profilePath":"/nkFrkn5NZVGWb4b2X0yIcXezhyt.jpg"},{"id":1813,"gender":1,"name":"Anne Hathaway","character":"Dr. Amelia Brand","profilePath":"/xENM3XJAtdpolwELYDy9iaCtU4m.jpg"},{"id":3895,"gender":2,"name":"Michael Caine","character":"Professor John Brand","profilePath":"/vvj0JMSFpOajXCE46Hy4dyqSP2U.jpg"},{"id":1893,"gender":2,"name":"Casey Affleck","character":"Tom Cooper","profilePath":"/kPNMpiZHsAzeQar4DiNsrekwHBU.jpg"},{"id":851784,"gender":1,"name":"Mackenzie Foy","character":"Young Murph Cooper","profilePath":"/u6Dt9C6VwWt4kRTGEcr3p2shxgt.jpg"},{"id":1190668,"gender":2,"name":"Timothée Chalamet","character":"Young Tom Cooper","profilePath":"/gz5kyVsUzOratQmGHdDg3AnxP9h.jpg"}]},"157350":{"id":157350,"title":"Divergent","tagline":"What makes you different makes you dangerous.","overview":"In a world divided into factions based on personality types, Tris learns that she's been classified as Divergent and won't fit in. When she discovers a plot to destroy Divergents, Tris and the mysterious Four must find out what makes Divergents dangerous before it's too late.","popularity":25.961547,"rating":6.8,"ratingCount":6179,"runtime":139,"releaseDate":"2014-03-14","revenue":288747895,"budget":85000000,"posterPath":"/yTtx2ciqk4XdN1oKhMMDy3f5ue3.jpg","originalLanguage":"en","genres":[{"id":28,"name":"Action"},{"id":12,"name":"Adventure"},{"id":878,"name":"Science Fiction"}],"cast":[{"id":94185,"gender":1,"name":"Shailene Woodley","character":"Beatrice \"Tris\" Prior","profilePath":"/kkLbiTlBGNwJL9qHuVHeqCMNrEx.jpg"},{"id":587020,"gender":2,"name":"Theo James","character":"Tobias \"Four\" Eaton","profilePath":"/hLNSoQ3gc52X5VVb172yO3CuUEq.jpg"},{"id":204,"gender":1,"name":"Kate Winslet","character":"Jeanine Matthews","profilePath":"/e3tdop3WhseRnn8KwMVLAV25Ybv.jpg"},{"id":996701,"gender":2,"name":"Miles Teller","character":"Peter Hayes","profilePath":"/g9DoeCHyn2C110gHbnh6nrD08Id.jpg"},{"id":56614,"gender":2,"name":"Ray Stevenson","character":"Marcus Eaton","profilePath":"/bcd9uqwfCVYsu7rduZnPVYUkyfU.jpg"},{"id":21045,"gender":1,"name":"Maggie Q","character":"Tori Wu","profilePath":"/xPqbBTBJucEyRGtmWk5wP6PB986.jpg"},{"id":37153,"gender":1,"name":"Zoë Kravitz","character":"Christina","profilePath":"/wcl5pdFDAUyDgJ1gfQErXch6FgH.jpg"}]},"166426":{"id":166426,"title":"Pirates of the Caribbean: Dead Men Tell No Tales","tagline":"","overview":"Thrust into an all-new adventure, a down-on-his-luck Capt. Jack Sparrow feels the winds of ill-fortune blowing even more strongly when deadly ghost sailors led by his old nemesis, the evil Capt. Salazar, escape from the Devil's Triangle. Jack's only hope of survival lies in seeking out the legendary Trident of Poseidon, but to find it, he must forge an uneasy alliance with a brilliant and beautiful astronomer and a headstrong young man in the British navy.","popularity":30.983086,"rating":6.5,"ratingCount":4783,"runtime":129,"releaseDate":"2017-05-23","revenue":794191988,"budget":230000000,"posterPath":"/xbpSDU3p7YUGlu9Mr6Egg2Vweto.jpg","originalLanguage":"en","genres":[{"id":12,"name":"Adventure"},{"id":28,"name":"Action"},{"id":14,"name":"Fantasy"},{"id":35,"name":"Comedy"}],"cast":[{"id":85,"gender":2,"name":"Johnny Depp","character":"Captain Jack Sparrow","profilePath":"/ea4fTp9T8Zy2KWxyFsqDIBgHZmb.jpg"},{"id":3810,"gender":2,"name":"Javier Bardem","character":"Captain Armando Salazar","profilePath":"/p5xjCovj1uzvA2SXrWLH78Nh1Jf.jpg"},{"id":118,"gender":2,"name":"Geoffrey Rush","character":"Captain Hector Barbossa","profilePath":"/5h91WHSK80YtqTk1bMiar2IZzO2.jpg"},{"id":1017347,"gender":2,"name":"Brenton Thwaites","character":"Henry Turner","profilePath":"/dM0m0OxREfW4HxwV2qQeitS8dfO.jpg"},{"id":115150,"gender":1,"name":"Kaya Scodelario","character":"Carina Smyth","profilePath":"/iTrPnn7oS96k0iWPzNxaKCNutB6.jpg"},{"id":2449,"gender":2,"name":"Kevin McNally","character":"Joshamee Gibbs","profilePath":"/fIJF3TZn8ckHkcl44oX77GvPv9e.jpg"},{"id":1115,"gender":2,"name":"Stephen Graham","character":"Scrum","profilePath":"/81VZiCA6w8nXG0UjqXCgSJare5N.jpg"}]},"168259":{"id":168259,"title":"Furious 7","tagline":"Vengeance Hits Home","overview":"Deckard Shaw seeks revenge against Dominic Toretto and his family for his comatose brother.","popularity":23.288345,"rating":7.2,"ratingCount":5229,"runtime":137,"releaseDate":"2015-04-01","revenue":1506249360,"budget":190000000,"posterPath":"/dCgm7efXDmiABSdWDHBDBx2jwmn.jpg","originalLanguage":"en","genres":[{"id":28,"name":"Action"},{"id":80,"name":"Crime"},{"id":53,"name":"Thriller"},{"id":18,"name":"Drama"}],"cast":[{"id":12835,"gender":2,"name":"Vin Diesel","character":"Dominic Toretto","profilePath":"/mjRdM6w6Uz1UnrKQ5Kw02qGln2K.jpg"},{"id":8167,"gender":2,"name":"Paul Walker","character":"Brian O'Conner","profilePath":"/iqvYezRoEY5k8wnlfHriHQfl5dX.jpg"},{"id":18918,"gender":2,"name":"Dwayne Johnson","character":"Hobbs","profilePath":"/akweMz59qsSoPUJYe7QpjAc2rQp.jpg"},{"id":17647,"gender":1,"name":"Michelle Rodriguez","character":"Letty","profilePath":"/v37VK0MNuRuJOCKPKJcZAJXRA5r.jpg"},{"id":8169,"gender":2,"name":"Tyrese Gibson","character":"Roman","profilePath":"/a3tyF7QXgeEH0QuEuIzNZZ8oLNS.jpg"},{"id":8171,"gender":2,"name":"Ludacris","character":"Tej","profilePath":"/xLfq9wFO6dtYuUK96hbJ8I8EKFw.jpg"},{"id":22123,"gender":1,"name":"Jordana Brewster","character":"Mia","profilePath":"/dORwXZWWmDgG66I5i2Fnr27g3fO.jpg"}]},"177572":{"id":177572,"title":"Big Hero 6","tagline":"","overview":"The special bond that develops between plus-sized inflatable robot Baymax, and prodigy Hiro Hamada, who team up with a group of friends to form a band of high-tech heroes.","popularity":29.883612,"rating":7.7,"ratingCount":7975,"runtime":102,"releaseDate":"2014-10-24","revenue":657818612,"budget":165000000,"posterPath":"/9gLu47Zw5ertuFTZaxXOvNfy78T.jpg","originalLanguage":"en","genres":[{"id":12,"name":"Adventure"},{"id":10751,"name":"Family"},{"id":16,"name":"Animation"},{"id":28,"name":"Action"},{"id":35,"name":"Comedy"}],"cast":[{"id":66580,"gender":2,"name":"Scott Adsit","character":"Baymax (voice)","profilePath":"/jp9FubdwhkovfMi2xBN1uUUiGGz.jpg"},{"id":515510,"gender":2,"name":"Ryan Potter","character":"Hiro Hamada (voice)","profilePath":"/3Hdip1zNYrea3V7uzJQYxTps5Ne.jpg"},{"id":82093,"gender":2,"name":"Daniel Henney","character":"Tadashi Hamada (voice)","profilePath":"/wwLWCVSP9la3dG6xQBqUd1YzwMh.jpg"},{"id":51990,"gender":2,"name":"T.J. Miller","character":"Fred (voice)","profilePath":"/wkm8YvulYwuB4pxEvOAlwv8AWdr.jpg"},{"id":78324,"gender":1,"name":"Jamie Chung","character":"GoGo Tomago (voice)","profilePath":"/99vO72TfiweEMShZUL9lE7oOhYw.jpg"},{"id":87822,"gender":2,"name":"Damon Wayans Jr.","character":"Wasabi (voice)","profilePath":"/wOYJdq19v0rnUTY9vC0BZJowQiC.jpg"},{"id":589162,"gender":1,"name":"Génesis Rodríguez","character":"Honey Lemon (voice)","profilePath":"/vxpfF5QZWny1PflPXNePe5am4RI.jpg"}]},"177677":{"id":177677,"title":"Mission: Impossible - Rogue Nation","tagline":"Desperate Times. Desperate Measures.","overview":"Ethan and team take on their most impossible mission yet, eradicating the Syndicate - an International rogue organization as highly skilled as they are, committed to destroying the IMF.","popularity":32.401925,"rating":7,"ratingCount":3982,"runtime":131,"releaseDate":"2015-07-23","revenue":682330139,"budget":150000000,"posterPath":"/z2sJd1OvAGZLxgjBdSnQoLCfn3M.jpg","originalLanguage":"en","genres":[{"id":28,"name":"Action"},{"id":12,"name":"Adventure"},{"id":53,"name":"Thriller"}],"cast":[{"id":500,"gender":2,"name":"Tom Cruise","character":"Ethan Hunt","profilePath":"/3oWEuo0e8Nx8JvkqYCDec2iMY6K.jpg"},{"id":933238,"gender":1,"name":"Rebecca Ferguson","character":"Ilsa Faust","profilePath":"/5i3268fkFMTvUcqlQ9gycMwTfeU.jpg"},{"id":11108,"gender":2,"name":"Simon Pegg","character":"Benji Dunn","profilePath":"/23e2uoNlpDvLumNic16fS2YjZjL.jpg"},{"id":17604,"gender":2,"name":"Jeremy Renner","character":"William Brandt","profilePath":"/l6CxIOFCjF65298teEJd5mCnPDO.jpg"},{"id":10182,"gender":2,"name":"Ving Rhames","character":"Luther Stickell","profilePath":"/8nS83GOu0iqxjL2Oj2DgwkAceFQ.jpg"},{"id":16702,"gender":2,"name":"Sean Harris","character":"Lane","profilePath":"/zTUONNd9Lq063lpp7GvtjzZmMLW.jpg"},{"id":16358,"gender":2,"name":"Simon McBurney","character":"Atlee","profilePath":"/npYHdUV4IBy0YqmyxxcLQ3YouDt.jpg"}]},"181533":{"id":181533,"title":"Night at the Museum: Secret of the Tomb","tagline":"One Final Night to Save the Day.","overview":"When the magic powers of The Tablet of Ahkmenrah begin to die out, Larry Daley (Ben Stiller) spans the globe, uniting favorite and new characters while embarking on an epic quest to save the magic before it is gone forever.","popularity":35.62019,"rating":6.1,"ratingCount":2517,"runtime":97,"releaseDate":"2014-12-17","revenue":349424282,"budget":127000000,"posterPath":"/tWwASv4CU1Au1IukacdSUewDCV3.jpg","originalLanguage":"en","genres":[{"id":12,"name":"Adventure"},{"id":35,"name":"Comedy"},{"id":14,"name":"Fantasy"},{"id":10751,"name":"Family"}],"cast":[{"id":7399,"gender":2,"name":"Ben Stiller","character":"Larry Daley","profilePath":"/o9M2PyoF7QDSMq1OwW0D892fIkV.jpg"},{"id":17838,"gender":2,"name":"Rami Malek","character":"Ahkmenrah","profilePath":"/zvBCjFmedqXRqa45jlLf6vBd9Nt.jpg"},{"id":221581,"gender":1,"name":"Rebel Wilson","character":"Tilly","profilePath":"/hwgTgqFLFwTBesbCAKtWa1ARrp7.jpg"},{"id":2157,"gender":2,"name":"Robin Williams","character":"Theodore Roosevelt","profilePath":"/5KebSMXT8uj2D0gkaMFJ8VEp53.jpg"},{"id":887,"gender":2,"name":"Owen Wilson","character":"Jedediah Smith","profilePath":"/j7oYgvfDiO34VcFdSB7GhM2CSle.jpg"},{"id":61303,"gender":2,"name":"Dick Van Dyke","character":"Cecil","profilePath":"/4CzMjFcgAdVNa09Hb2OQFUqo84Z.jpg"},{"id":46074,"gender":1,"name":"Rachael Harris","character":"Madeline Phelps","profilePath":"/wrmz6aTM7aFYmd1I12rGWjDtoaf.jpg"}]},"181808":{"id":181808,"title":"Star Wars: The Last Jedi","tagline":"The Saga Continues","overview":"Rey develops her newly discovered abilities with the guidance of Luke Skywalker, who is unsettled by the strength of her powers. Meanwhile, the Resistance prepares to do battle with the First Order.","popularity":91.431553,"rating":7.1,"ratingCount":5459,"runtime":152,"releaseDate":"2017-12-13","revenue":1332459537,"budget":200000000,"posterPath":"/kOVEVeg59E0wsnXmF9nrh6OmWII.jpg","originalLanguage":"en","genres":[{"id":14,"name":"Fantasy"},{"id":12,"name":"Adventure"},{"id":878,"name":"Science Fiction"}],"cast":[{"id":2,"gender":2,"name":"Mark Hamill","character":"Luke Skywalker / Dobbu Scay (voice)","profilePath":"/fk8OfdReNltKZqOk2TZgkofCUFq.jpg"},{"id":4,"gender":1,"name":"Carrie Fisher","character":"General Leia Organa","profilePath":"/oVYiGe4GzgQkoJfdHg8qKqEoWJz.jpg"},{"id":1023139,"gender":2,"name":"Adam Driver","character":"Kylo Ren","profilePath":"/rsjwgpV2OukxOJ9HEiEyf4qu1vR.jpg"},{"id":1315036,"gender":1,"name":"Daisy Ridley","character":"Rey","profilePath":"/jJk36iuuuIWCMekApVeRLYL3x6W.jpg"},{"id":236695,"gender":2,"name":"John Boyega","character":"Finn","profilePath":"/3153CfpgZQXTzCY0i74WpJumMQe.jpg"},{"id":25072,"gender":2,"name":"Oscar Isaac","character":"Poe Dameron","profilePath":"/cY6ail3ebXDx9FCoZMgVGAbmBus.jpg"},{"id":1663195,"gender":1,"name":"Kelly Marie Tran","character":"Rose Tico","profilePath":"/2YuymbQfIlaUx8xtAxL5OOCsw6H.jpg"}]},"194662":{"id":194662,"title":"Birdman","tagline":"","overview":"A fading actor best known for his portrayal of a popular superhero attempts to mount a comeback by appearing in a Broadway play. As opening night approaches, his attempts to become more altruistic, rebuild his career, and reconnect with friends and family prove more difficult than expected.","popularity":24.215318,"rating":7.4,"ratingCount":5913,"runtime":119,"releaseDate":"2014-08-27","revenue":103215094,"budget":18000000,"posterPath":"/rSZs93P0LLxqlVEbI001UKoeCQC.jpg","originalLanguage":"en","genres":[{"id":18,"name":"Drama"},{"id":35,"name":"Comedy"}],"cast":[{"id":2232,"gender":2,"name":"Michael Keaton","character":"Riggan","profilePath":"/myVdrYNGTgqunLfUSaM8DuVD7DL.jpg"},{"id":58225,"gender":2,"name":"Zach Galifianakis","character":"Jake","profilePath":"/vhNUOBLnAZIHlJ7EUu6eQUE4NJ9.jpg"},{"id":819,"gender":2,"name":"Edward Norton","character":"Mike","profilePath":"/eIkFHNlfretLS1spAcIoihKUS62.jpg"},{"id":127558,"gender":1,"name":"Andrea Riseborough","character":"Laura","profilePath":"/5Qi1DVUts9gahVpj1dCtspbwcAC.jpg"},{"id":39388,"gender":1,"name":"Amy Ryan","character":"Sylvia","profilePath":"/icpKwwx4v17xrBtB3qT8uY0ClKv.jpg"},{"id":54693,"gender":1,"name":"Emma Stone","character":"Sam","profilePath":"/bQHnqMjc0dKOu9zpm54KvP6ffyB.jpg"},{"id":3489,"gender":1,"name":"Naomi Watts","character":"Lesley","profilePath":"/8W02WOJI1pEGh2iqQsgITR5tV0P.jpg"}]},"198184":{"id":198184,"title":"Chappie","tagline":"I am consciousness. I am alive. I am Chappie.","overview":"Every child comes into the world full of promise, and none more so than Chappie: he is gifted, special, a prodigy. Like any child, Chappie will come under the influence of his surroundings—some good, some bad—and he will rely on his heart and soul to find his way in the world and become his own man. But there's one thing that makes Chappie different from any one else: he is a robot.","popularity":25.677815,"rating":6.7,"ratingCount":3963,"runtime":120,"releaseDate":"2015-03-04","revenue":104399548,"budget":49000000,"posterPath":"/saF3HtAduvrP9ytXDxSnQJP3oqx.jpg","originalLanguage":"en","genres":[{"id":80,"name":"Crime"},{"id":28,"name":"Action"},{"id":878,"name":"Science Fiction"}],"cast":[{"id":82191,"gender":2,"name":"Sharlto Copley","character":"Chappie","profilePath":"/3ket3t8OFC3o1EYcpypMgJ41Q27.jpg"},{"id":76788,"gender":2,"name":"Dev Patel","character":"Deon Wilson","profilePath":"/hd2Aw7JPzA0urEwFLC9yqZ5sjbj.jpg"},{"id":985041,"gender":0,"name":"Ninja","character":"Ninja","profilePath":"/Q9tTc7O0tik9jwnoPP4U2zfUHl.jpg"},{"id":985040,"gender":1,"name":"Yolandi Visser","character":"Yo-Landi","profilePath":"/swC0Er51OhSRx8GHhIhqjfhXw68.jpg"},{"id":20191,"gender":0,"name":"Jose Pablo Cantillo","character":"Yankie (Amerika)","profilePath":"/CWxL7dLHXEqMcgDdh40tHbLb0l.jpg"},{"id":6968,"gender":2,"name":"Hugh Jackman","character":"Vincent Moore","profilePath":"/dFbNlPpiEPupTAlNVNh5vrxBU1h.jpg"},{"id":10205,"gender":1,"name":"Sigourney Weaver","character":"Michelle Bradley","profilePath":"/gxBIAr3CnBjkNRoPovVJCvEGqP0.jpg"}]},"198663":{"id":198663,"title":"The Maze Runner","tagline":"Remember. Survive. Run.","overview":"Set in a post-apocalyptic world, young Thomas is deposited in a community of boys after his memory is erased, soon learning they're all trapped in a maze that will require him to join forces with fellow “runners” for a shot at escape.","popularity":109.730549,"rating":7,"ratingCount":7922,"runtime":113,"releaseDate":"2014-09-10","revenue":348300000,"budget":34000000,"posterPath":"/coss7RgL0NH6g4fC2s5atvf3dFO.jpg","originalLanguage":"en","genres":[{"id":28,"name":"Action"},{"id":9648,"name":"Mystery"},{"id":878,"name":"Science Fiction"},{"id":53,"name":"Thriller"}],"cast":[{"id":527393,"gender":2,"name":"Dylan O'Brien","character":"Thomas","profilePath":"/gmU3f4aR6Bd8zkk6AiLm0dvWPaE.jpg"},{"id":115150,"gender":1,"name":"Kaya Scodelario","character":"Teresa Agnes","profilePath":"/iTrPnn7oS96k0iWPzNxaKCNutB6.jpg"},{"id":1310760,"gender":2,"name":"Ki Hong Lee","character":"Minho","profilePath":"/8QodPxf0yrBUzG0ZIVIPXJ4MgdA.jpg"},{"id":78062,"gender":2,"name":"Aml Ameen","character":"Alby","profilePath":"/9RVP50tleHVlqBH8jIjbluFzblw.jpg"},{"id":1389339,"gender":2,"name":"Blake Cooper","character":"Chuck","profilePath":"/dPy339yRfqvhzi6k9RFxLW94YlB.jpg"},{"id":25663,"gender":2,"name":"Thomas Brodie-Sangster","character":"Newt","profilePath":"/cN47YiZhB6yOZwSNShgMPD8VwQ2.jpg"},{"id":93491,"gender":2,"name":"Will Poulter","character":"Gally","profilePath":"/uzzt8okraVwvxSfoU4MJ39bdHwV.jpg"}]},"205596":{"id":205596,"title":"The Imitation Game","tagline":"The true enigma was the man who cracked the code.","overview":"Based on the real life story of legendary cryptanalyst Alan Turing, the film portrays the nail-biting race against time by Turing and his brilliant team of code-breakers at Britain's top-secret Government Code and Cypher School at Bletchley Park, during the darkest days of World War II.","popularity":25.219595,"rating":8,"ratingCount":7748,"runtime":113,"releaseDate":"2014-11-14","revenue":233555708,"budget":14000000,"posterPath":"/noUp0XOqIcmgefRnRZa1nhtRvWO.jpg","originalLanguage":"en","genres":[{"id":36,"name":"History"},{"id":18,"name":"Drama"},{"id":53,"name":"Thriller"},{"id":10752,"name":"War"}],"cast":[{"id":71580,"gender":2,"name":"Benedict Cumberbatch","character":"Alan Turing","profilePath":"/wz3MRiMmoz6b5X3oSzMRC9nLxY1.jpg"},{"id":116,"gender":1,"name":"Keira Knightley","character":"Joan Clarke","profilePath":"/nU126foC9zdl8VDnL9J3gqn9Igb.jpg"},{"id":1247,"gender":2,"name":"Matthew Goode","character":"Hugh Alexander","profilePath":"/bSGvvLVbgpIFGLKj2CGeojsqOaH.jpg"},{"id":139549,"gender":2,"name":"Rory Kinnear","character":"Detective Robert Nock","profilePath":"/x6S1iZAHHjtPCCyYKOVMOea6zbU.jpg"},{"id":85718,"gender":2,"name":"Allen Leech","character":"John Cairncross","profilePath":"/bNySmAuGa0AyeEXnVk8RCmSVhOg.jpg"},{"id":213394,"gender":2,"name":"Matthew Beard","character":"Peter Hilton","profilePath":"/Au3fuVoTPE7dDLY2iB52mliIFDL.jpg"},{"id":4391,"gender":2,"name":"Charles Dance","character":"Commander Denniston","profilePath":"/bLT03rnI29YmbYWjA1JJCl4xVXw.jpg"}]},"206647":{"id":206647,"title":"Spectre","tagline":"A Plan No One Escapes","overview":"A cryptic message from Bond’s past sends him on a trail to uncover a sinister organization. While M battles political forces to keep the secret service alive, Bond peels back the layers of deceit to reveal the terrible truth behind SPECTRE.","popularity":32.546436,"rating":6.3,"ratingCount":5562,"runtime":148,"releaseDate":"2015-10-26","revenue":880674609,"budget":245000000,"posterPath":"/hE24GYddaxB9MVZl1CaiI86M3kp.jpg","originalLanguage":"en","genres":[{"id":28,"name":"Action"},{"id":12,"name":"Adventure"},{"id":80,"name":"Crime"}],"cast":[{"id":8784,"gender":2,"name":"Daniel Craig","character":"James Bond","profilePath":"/mr6cdu6lLRscfFUv8onVWZqaRdZ.jpg"},{"id":27319,"gender":2,"name":"Christoph Waltz","character":"Blofeld","profilePath":"/2Hhztd4mUEV9Y25rfkXDwzL9QI9.jpg"},{"id":121529,"gender":1,"name":"Léa Seydoux","character":"Madeleine","profilePath":"/xptyFXfBENBMQkgPEYCxlMkSLSs.jpg"},{"id":5469,"gender":2,"name":"Ralph Fiennes","character":"M","profilePath":"/kIRs1PlRtGH1C5Hr3fK2oyDtJXF.jpg"},{"id":28782,"gender":1,"name":"Monica Bellucci","character":"Lucia","profilePath":"/nkrIGojQy6FNn9s5cfpiUAmLeNz.jpg"},{"id":17064,"gender":2,"name":"Ben Whishaw","character":"Q","profilePath":"/e74Cz65ifeNb9zHfUTvF5rTix0d.jpg"},{"id":2038,"gender":1,"name":"Naomie Harris","character":"Moneypenny","profilePath":"/3Y55D8wZgg4CkKadhXvSh91Q121.jpg"}]},"207703":{"id":207703,"title":"Kingsman: The Secret Service","tagline":"Manners maketh man.","overview":"The story of a super-secret spy organization that recruits an unrefined but promising street kid into the agency's ultra-competitive training program just as a global threat emerges from a twisted tech genius.","popularity":28.526488,"rating":7.6,"ratingCount":7959,"runtime":129,"releaseDate":"2015-01-24","revenue":414351546,"budget":81000000,"posterPath":"/8x7ej0LnHdKUqilNNJXYOeyB6L9.jpg","originalLanguage":"en","genres":[{"id":80,"name":"Crime"},{"id":35,"name":"Comedy"},{"id":28,"name":"Action"},{"id":12,"name":"Adventure"}],"cast":[{"id":5472,"gender":2,"name":"Colin Firth","character":"Harry Hart / Galahad","profilePath":"/4pj31PUxqpuJZrHChinub4gr2ul.jpg"},{"id":2231,"gender":2,"name":"Samuel L. Jackson","character":"Richmond Valentine","profilePath":"/AvCReLikjzYEf9XjTQxbv3JWgKT.jpg"},{"id":2983,"gender":2,"name":"Mark Strong","character":"Hamish Mycroft / Merlin","profilePath":"/svq7VWJqKN4Fq8ZJK1Yd8W711rn.jpg"},{"id":1303037,"gender":2,"name":"Taron Egerton","character":"Gary 'Eggsy' Unwin","profilePath":"/uCaPhyKAQIfEzAWWCYIrO2004CB.jpg"},{"id":3895,"gender":2,"name":"Michael Caine","character":"Chester King / Arthur","profilePath":"/vvj0JMSFpOajXCE46Hy4dyqSP2U.jpg"},{"id":1282054,"gender":1,"name":"Sophie Cookson","character":"Roxanne 'Roxy' Morton / Lancelot","profilePath":"/5uD97ej1SS9P4Pq1LmI0wnLckss.jpg"},{"id":568657,"gender":1,"name":"Sofia Boutella","character":"Gazelle","profilePath":"/btLeUFNIGTxG7FecTMRztSALj6L.jpg"}]},"209112":{"id":209112,"title":"Batman v Superman: Dawn of Justice","tagline":"Justice or revenge","overview":"Fearing the actions of a god-like Super Hero left unchecked, Gotham City’s own formidable, forceful vigilante takes on Metropolis’s most revered, modern-day savior, while the world wrestles with what sort of hero it really needs. And with Batman and Superman at war with one another, a new threat quickly arises, putting mankind in greater danger than it’s ever known before.","popularity":35.976988,"rating":5.8,"ratingCount":9397,"runtime":151,"releaseDate":"2016-03-23","revenue":873260194,"budget":250000000,"posterPath":"/cGOPbv9wA5gEejkUN892JrveARt.jpg","originalLanguage":"en","genres":[{"id":28,"name":"Action"},{"id":12,"name":"Adventure"},{"id":14,"name":"Fantasy"}],"cast":[{"id":880,"gender":2,"name":"Ben Affleck","character":"Bruce Wayne / Batman","profilePath":"/lowyjtC3tZcNEGrxCGoEwjqgdvk.jpg"},{"id":73968,"gender":2,"name":"Henry Cavill","character":"Clark Kent / Superman","profilePath":"/hErUwonrQgY5Y7RfxOfv8Fq11MB.jpg"},{"id":90633,"gender":1,"name":"Gal Gadot","character":"Diana Prince / Wonder Woman","profilePath":"/yV2nljqQa3MjrrIK4AllDjmJIcs.jpg"},{"id":9273,"gender":1,"name":"Amy Adams","character":"Lois Lane","profilePath":"/chjMOiuydU9frF95qcUhlC6fWG3.jpg"},{"id":44735,"gender":2,"name":"Jesse Eisenberg","character":"Lex Luthor","profilePath":"/c01G88eCpiLLmT4RIWGkr7nm31o.jpg"},{"id":2882,"gender":1,"name":"Diane Lane","character":"Martha Kent","profilePath":"/81fhEMQlbhQ3mbI5ghq9RUrjkLB.jpg"},{"id":16940,"gender":2,"name":"Jeremy Irons","character":"Alfred Pennyworth","profilePath":"/9AWphjIgGX7JjTrwrx3tsTZlUgv.jpg"}]},"210577":{"id":210577,"title":"Gone Girl","tagline":"You don't know what you've got 'til it's...","overview":"With his wife's disappearance having become the focus of an intense media circus, a man sees the spotlight turned on him when it's suspected that he may not be innocent.","popularity":31.048145,"rating":7.9,"ratingCount":7725,"runtime":145,"releaseDate":"2014-10-01","revenue":369330363,"budget":61000000,"posterPath":"/gdiLTof3rbPDAmPaCf4g6op46bj.jpg","originalLanguage":"en","genres":[{"id":9648,"name":"Mystery"},{"id":53,"name":"Thriller"},{"id":18,"name":"Drama"}],"cast":[{"id":880,"gender":2,"name":"Ben Affleck","character":"Nick Dunne","profilePath":"/lowyjtC3tZcNEGrxCGoEwjqgdvk.jpg"},{"id":10882,"gender":1,"name":"Rosamund Pike","character":"Amy Elliott Dunne","profilePath":"/wevcai4tcGA5niawACntEzgZsKN.jpg"},{"id":1308445,"gender":1,"name":"Carrie Coon","character":"Margo Dunne","profilePath":"/aX7kfLrSYWK7s9KvjldO1JYCbPv.jpg"},{"id":41686,"gender":2,"name":"Neil Patrick Harris","character":"Desi Collins","profilePath":"/3GJBcsLf6Kfy0x5DeSXKsIqcctP.jpg"},{"id":80602,"gender":2,"name":"Tyler Perry","character":"Tanner Bolt","profilePath":"/fdBvkrv4lSKZ97eDLpmjlK1Tnbx.jpg"},{"id":21165,"gender":1,"name":"Kim Dickens","character":"Detective Rhonda Boney","profilePath":"/yIXBljS46WXvRk2gma3ravVBBgU.jpg"},{"id":11663,"gender":2,"name":"Patrick Fugit","character":"Detective Jim Gilpin","profilePath":"/37RM0m1mDJ4YxC3n7QgwpXSUpkp.jpg"}]},"214756":{"id":214756,"title":"Ted 2","tagline":"Ted is Coming, Again.","overview":"Newlywed couple Ted and Tami-Lynn want to have a baby, but in order to qualify to be a parent, Ted will have to prove he's a person in a court of law.","popularity":26.883419,"rating":6.1,"ratingCount":3301,"runtime":115,"releaseDate":"2015-06-25","revenue":217022588,"budget":68000000,"posterPath":"/A7HtCxFe7Ms8H7e7o2zawppbuDT.jpg","originalLanguage":"en","genres":[{"id":35,"name":"Comedy"}],"cast":[{"id":13240,"gender":2,"name":"Mark Wahlberg","character":"John","profilePath":"/z2wJh5n7qZRUE1y9uB8UrivAV2b.jpg"},{"id":52139,"gender":2,"name":"Seth MacFarlane","character":"Ted (voice)","profilePath":"/v4c6JhGYpjMRBwf95gtPxBnElNu.jpg"},{"id":71070,"gender":1,"name":"Amanda Seyfried","character":"Samantha Jackson","profilePath":"/rkMBMJyRekUnZf59ipVRrtw74xk.jpg"},{"id":207150,"gender":1,"name":"Jessica Barth","character":"Tami-Lynn","profilePath":"/d39NWIkuXr7uHP3UNGBBoGAonXw.jpg"},{"id":1771,"gender":2,"name":"Giovanni Ribisi","character":"Donny","profilePath":"/jvq2pimmpNdQj8o75Au9RKC7E1z.jpg"},{"id":192,"gender":2,"name":"Morgan Freeman","character":"Patrick Meighan","profilePath":"/oGJQhOpT8S1M56tvSsbEBePV5O1.jpg"},{"id":33321,"gender":2,"name":"Sam Jones","character":"Himself","profilePath":"/w0C7aONaeB6a5DqdzTa23TzcvPm.jpg"}]},"216015":{"id":216015,"title":"Fifty Shades of Grey","tagline":"Are you curious?","overview":"When college senior Anastasia Steele steps in for her sick roommate to interview prominent businessman Christian Grey for their campus paper, little does she realize the path her life will take. Christian, as enigmatic as he is rich and powerful, finds himself strangely drawn to Ana, and she to him. Though sexually inexperienced, Ana plunges headlong into an affair -- and learns that Christian's true sexual proclivities push the boundaries of pain and pleasure.","popularity":41.82413,"rating":5.3,"ratingCount":4779,"runtime":125,"releaseDate":"2015-02-11","revenue":571006128,"budget":40000000,"posterPath":"/jV8wnk3Jgz6f7degmT3lHNGI2tK.jpg","originalLanguage":"en","genres":[{"id":18,"name":"Drama"},{"id":10749,"name":"Romance"},{"id":53,"name":"Thriller"}],"cast":[{"id":118545,"gender":1,"name":"Dakota Johnson","character":"Anastasia Steele","profilePath":"/razONK0A0UUZUCtxLryQwodNzWO.jpg"},{"id":1254583,"gender":2,"name":"Jamie Dornan","character":"Christian Grey","profilePath":"/n4vK7CuElT0YIQi93nTgk3LsYW0.jpg"},{"id":49971,"gender":1,"name":"Jennifer Ehle","character":"Carla Wilks","profilePath":"/lZsU6KrXXkIVtcvJmlPKwPRtBkn.jpg"},{"id":222130,"gender":1,"name":"Eloise Mumford","character":"Kate Kavanagh","profilePath":"/ssWFOwKNTHSnejpFsk5K0ZTlFVV.jpg"},{"id":59251,"gender":2,"name":"Victor Rasuk","character":"Jose Rodriguez","profilePath":"/2ess6BrXJunsYoUun3QePbW8IAJ.jpg"},{"id":56680,"gender":2,"name":"Luke Grimes","character":"Elliot Grey","profilePath":"/exWEhmQhrUXl4zQ1lnBiSMUvOYF.jpg"},{"id":4726,"gender":1,"name":"Marcia Gay Harden","character":"Dr. Grace Trevelyan-Grey","profilePath":"/9TYI6LAu4S0vkn47RjLLgFrhtrc.jpg"}]},"228150":{"id":228150,"title":"Fury","tagline":"War never ends quietly.","overview":"Last months of World War II in April 1945. As the Allies make their final push in the European Theater, a battle-hardened U.S. Army sergeant in the 2nd Armored Division named Wardaddy commands a Sherman tank called \"Fury\" and its five-man crew on a deadly mission behind enemy lines. Outnumbered and outgunned, Wardaddy and his men face overwhelming odds in their heroic attempts to strike at the heart of Nazi Germany.","popularity":29.808525,"rating":7.4,"ratingCount":5138,"runtime":135,"releaseDate":"2014-10-15","revenue":211817906,"budget":68000000,"posterPath":"/pfte7wdMobMF4CVHuOxyu6oqeeA.jpg","originalLanguage":"en","genres":[{"id":10752,"name":"War"},{"id":18,"name":"Drama"},{"id":28,"name":"Action"}],"cast":[{"id":287,"gender":2,"name":"Brad Pitt","character":"Don 'Wardaddy' Collier","profilePath":"/kU3B75TyRiCgE270EyZnHjfivoq.jpg"},{"id":10959,"gender":2,"name":"Shia LaBeouf","character":"Boyd 'Bible' Swan","profilePath":"/6dqxucKnrqCwWNnwC37ckNfTJkZ.jpg"},{"id":33235,"gender":2,"name":"Logan Lerman","character":"Norman Ellison","profilePath":"/A8Cws1ZLrUyHa2s8D2rsBeohgh3.jpg"},{"id":454,"gender":2,"name":"Michael Peña","character":"Trini 'Gordo' Garcia","profilePath":"/oqlIKSglghuX7kSTalODn71nlOd.jpg"},{"id":19498,"gender":2,"name":"Jon Bernthal","character":"Grady 'Coon-Ass' Travis","profilePath":"/w3epqN0BlV4TiUV9255d5tSCIRV.jpg"},{"id":83968,"gender":2,"name":"Jim Parrack","character":"Sergeant Binkowski","profilePath":"/s6CUkQ04GqDu1eWFwWWTkrSVxpm.jpg"},{"id":15376,"gender":2,"name":"Brad William Henke","character":"Sergeant Davis","profilePath":"/mrczPKKtc6a2AuVAdjqLLTnWhh5.jpg"}]},"238636":{"id":238636,"title":"The Purge: Anarchy","tagline":"Welcome to America, where one night a year, all crime Is legal.","overview":"Three groups of people are trying to survive Purge Night, when their stories intertwine and are left stranded in The Purge trying to survive the chaos and violence that occurs.","popularity":30.267366,"rating":6.6,"ratingCount":2623,"runtime":104,"releaseDate":"2014-07-17","revenue":108782847,"budget":9000000,"posterPath":"/l1DRl40x2OWUoPP42v8fjKdS1Z3.jpg","originalLanguage":"en","genres":[{"id":27,"name":"Horror"},{"id":53,"name":"Thriller"}],"cast":[{"id":81685,"gender":2,"name":"Frank Grillo","character":"Leo Barnes","profilePath":"/7JNCBT6A7zEN3ZqRjFNiTXGISo6.jpg"},{"id":37158,"gender":1,"name":"Carmen Ejogo","character":"Eva Sanchez","profilePath":"/yAiQAfxCAFw2SNIVpAePKXBvT58.jpg"},{"id":70303,"gender":2,"name":"Zach Gilford","character":"Shane","profilePath":"/xrdDXGib6lSTUGYsZkKOLJey50T.jpg"},{"id":31168,"gender":1,"name":"Kiele Sanchez","character":"Liz","profilePath":"/i0YEpWuk1zSvadwwa1r0rahDONt.jpg"},{"id":1208406,"gender":1,"name":"Zoë Borde","character":"Cali Sanchez","profilePath":"/m40sSN2l2tQtpKbhRbjm7sksNV9.jpg"},{"id":95517,"gender":1,"name":"Justina Machado","character":"Tanya","profilePath":"/rklLmYPB4fKFP3mKZw2C3oWNaQJ.jpg"},{"id":38571,"gender":2,"name":"John Beasley","character":"Papa Rico","profilePath":"/i3p3yH1DfxNqnD3DnUFvM1suFBR.jpg"}]},"241554":{"id":241554,"title":"Run All Night","tagline":"No sin goes unpunished","overview":"Brooklyn mobster and prolific hit man Jimmy Conlon has seen better days. Longtime best friend of a mob boss, Jimmy is haunted by the sins of his past—as well as a dogged police detective who’s been one step behind Jimmy for 30 years. But when Jimmy’s estranged son becomes a target, Jimmy must make a choice between the crime family he chose and the real family he abandoned long ago. Now, with nowhere safe to turn, Jimmy has just one night to figure out exactly where his loyalties lie and to see if he can finally make things right.","popularity":25.688389,"rating":6.3,"ratingCount":1373,"runtime":114,"releaseDate":"2015-03-11","revenue":71561644,"budget":50000000,"posterPath":"/aqNJrAxudMRNo8jg3HOUQqdl2xr.jpg","originalLanguage":"en","genres":[{"id":28,"name":"Action"},{"id":80,"name":"Crime"},{"id":18,"name":"Drama"},{"id":9648,"name":"Mystery"},{"id":53,"name":"Thriller"}],"cast":[{"id":3896,"gender":2,"name":"Liam Neeson","character":"Jimmy Conlon","profilePath":"/9mdAohLsDu36WaXV2N3SQ388bvz.jpg"},{"id":228,"gender":2,"name":"Ed Harris","character":"Shawn Maguire","profilePath":"/a9ITc3shCAWjV4qKf3rgR0Opu3y.jpg"},{"id":92404,"gender":2,"name":"Joel Kinnaman","character":"Mike Conlon","profilePath":"/aylKCZLLFuuT9OB5RyaTtNBr0kn.jpg"},{"id":467645,"gender":2,"name":"Boyd Holbrook","character":"Danny Maguire","profilePath":"/531YOKa2usleWCA55t6Db4MZhT3.jpg"},{"id":14888,"gender":2,"name":"Bruce McGill","character":"Pat Mullen","profilePath":"/r9UNvqwTYB9C3AcGyBpcjzkCnVD.jpg"},{"id":589162,"gender":1,"name":"Génesis Rodríguez","character":"Gabrielle","profilePath":"/vxpfF5QZWny1PflPXNePe5am4RI.jpg"},{"id":7132,"gender":2,"name":"Vincent D'Onofrio","character":"Detective Harding","profilePath":"/lUEn7f7xCLuT1kRCHoxMTRnYKXW.jpg"}]},"244786":{"id":244786,"title":"Whiplash","tagline":"The road to greatness can take you to the edge.","overview":"Under the direction of a ruthless instructor, a talented young drummer begins to pursue perfection at any cost, even his humanity.","popularity":26.606759,"rating":8.3,"ratingCount":5876,"runtime":105,"releaseDate":"2014-10-10","revenue":13092000,"budget":3300000,"posterPath":"/lIv1QinFqz4dlp5U4lQ6HaiskOZ.jpg","originalLanguage":"en","genres":[{"id":18,"name":"Drama"}],"cast":[{"id":996701,"gender":2,"name":"Miles Teller","character":"Andrew Neimann","profilePath":"/g9DoeCHyn2C110gHbnh6nrD08Id.jpg"},{"id":18999,"gender":2,"name":"J.K. Simmons","character":"Terence Fletcher","profilePath":"/jPoNW5fugs5h8AbcE7H5OBm04Tm.jpg"},{"id":129104,"gender":1,"name":"Melissa Benoist","character":"Nicole","profilePath":"/fj3Va0w2OyKaQALGomMgpq2B2Fu.jpg"},{"id":970216,"gender":2,"name":"Austin Stowell","character":"Ryan","profilePath":"/su6KMYwfr4qVXRjlXi4u0h16Fxg.jpg"},{"id":223012,"gender":2,"name":"Jayson Blair","character":"Travis","profilePath":"/lqWVUUOBrv4ANxyvsv5aagc6CBq.jpg"},{"id":159366,"gender":1,"name":"Kavita Patil","character":"Assistant - Sophie","profilePath":"/z5tSybvNYudaFK2db7bTw9tDqyP.jpg"},{"id":781,"gender":2,"name":"Paul Reiser","character":"Mr. Neyman","profilePath":"/fr53dQQrDGfETgbliCktwKqteRU.jpg"}]},"245891":{"id":245891,"title":"John Wick","tagline":"Don't set him off.","overview":"Ex-hitman John Wick comes out of retirement to track down the gangsters that took everything from him.","popularity":41.999037,"rating":7,"ratingCount":7493,"runtime":101,"releaseDate":"2014-10-22","revenue":88761661,"budget":20000000,"posterPath":"/5vHssUeVe25bMrof1HyaPyWgaP.jpg","originalLanguage":"en","genres":[{"id":28,"name":"Action"},{"id":53,"name":"Thriller"}],"cast":[{"id":6384,"gender":2,"name":"Keanu Reeves","character":"John Wick","profilePath":"/bOlYWhVuOiU6azC4Bw6zlXZ5QTC.jpg"},{"id":6283,"gender":2,"name":"Michael Nyqvist","character":"Viggo Tarasov","profilePath":"/bDjPDDiSna8FN5rqHdheg2wIYYo.jpg"},{"id":71586,"gender":2,"name":"Alfie Allen","character":"Iosef Tarasov","profilePath":"/4q6yzSMi8Q5XeIn5A1yUD1tEfwq.jpg"},{"id":5293,"gender":2,"name":"Willem Dafoe","character":"Marcus","profilePath":"/7t8fhfaFBoS9VOo3OPXCfK516eI.jpg"},{"id":68763,"gender":2,"name":"Dean Winters","character":"Avi","profilePath":"/1BUNhhGs5drp5plGstAE8WKmfyq.jpg"},{"id":88995,"gender":1,"name":"Adrianne Palicki","character":"Ms. Perkins","profilePath":"/g9yOTKR1qsRrxKnR77hMz4dCka7.jpg"},{"id":968977,"gender":2,"name":"Omer Barnea","character":"Gregori","profilePath":"/tFN8r6hU1vYcX7QI7Qatjykt0DL.jpg"}]},"246655":{"id":246655,"title":"X-Men: Apocalypse","tagline":"Only the strong will survive","overview":"After the re-emergence of the world's first mutant, world-destroyer Apocalypse, the X-Men must unite to defeat his extinction level plan.","popularity":41.632316,"rating":6.5,"ratingCount":6247,"runtime":144,"releaseDate":"2016-05-18","revenue":543934787,"budget":178000000,"posterPath":"/zSouWWrySXshPCT4t3UKCQGayyo.jpg","originalLanguage":"en","genres":[{"id":28,"name":"Action"},{"id":12,"name":"Adventure"},{"id":878,"name":"Science Fiction"},{"id":14,"name":"Fantasy"}],"cast":[{"id":5530,"gender":2,"name":"James McAvoy","character":"Charles Xavier / Professor X","profilePath":"/cHHDjnhvgeT4TNEovAZCeYNz6Nc.jpg"},{"id":17288,"gender":2,"name":"Michael Fassbender","character":"Erik Lehnsherr / Magneto","profilePath":"/hvtyvcLd3hqRiYECH0bP9IJXCX2.jpg"},{"id":72129,"gender":1,"name":"Jennifer Lawrence","character":"Raven Darkholme / Mystique","profilePath":"/naZyy9IqAQDaAbr1kYShLdg6aPR.jpg"},{"id":3292,"gender":2,"name":"Nicholas Hoult","character":"Hank McCoy / Beast","profilePath":"/27NbnWKzco1CCDHtR2AVVab8Dli.jpg"},{"id":25072,"gender":2,"name":"Oscar Isaac","character":"En Sabah Nur / Apocalypse","profilePath":"/cY6ail3ebXDx9FCoZMgVGAbmBus.jpg"},{"id":9827,"gender":1,"name":"Rose Byrne","character":"Moira MacTaggert","profilePath":"/laJdQNmsuR2iblYUggEqr49LvwJ.jpg"},{"id":55089,"gender":2,"name":"Evan Peters","character":"Peter Maximoff / Quicksilver","profilePath":"/2a1XA1ynmbZZj2nauwsc03OzRB.jpg"}]},"254470":{"id":254470,"title":"Pitch Perfect 2","tagline":"We're back pitches","overview":"The Bellas are back, and they are better than ever. After being humiliated in front of none other than the President of the United States of America, the Bellas are taken out of the Aca-Circuit. In order to clear their name, and regain their status, the Bellas take on a seemingly impossible task: winning an international competition no American team has ever won. In order to accomplish this monumental task, they need to strengthen the bonds of friendship and sisterhood and blow away the competition with their amazing aca-magic! With all new friends and old rivals tagging along for the trip, the Bellas can hopefully accomplish their dreams.","popularity":29.474132,"rating":6.8,"ratingCount":2662,"runtime":115,"releaseDate":"2015-05-07","revenue":287506194,"budget":29000000,"posterPath":"/qSjruLiFB4uqRtz2xheQPxG8uaB.jpg","originalLanguage":"en","genres":[{"id":35,"name":"Comedy"},{"id":10402,"name":"Music"}],"cast":[{"id":84223,"gender":1,"name":"Anna Kendrick","character":"Beca Mitchell","profilePath":"/sylfU9EOLAF6R7BdOXGqyA4jYKv.jpg"},{"id":221581,"gender":1,"name":"Rebel Wilson","character":"Fat Amy","profilePath":"/hwgTgqFLFwTBesbCAKtWa1ARrp7.jpg"},{"id":130640,"gender":1,"name":"Hailee Steinfeld","character":"Emily Junk","profilePath":"/evfMwuIPBACCJuLjHClrU50WyYo.jpg"},{"id":29221,"gender":1,"name":"Brittany Snow","character":"Chloe Beale","profilePath":"/delacVjRUWkzEgpTkPT3uqIZcOb.jpg"},{"id":73128,"gender":2,"name":"Skylar Astin","character":"Jesse Swanson","profilePath":"/jINHy1JDLe2rsiPQzwjgmqDhyuz.jpg"},{"id":212604,"gender":2,"name":"Adam Devine","character":"Bumper Allen","profilePath":"/6qDsS9jcywuajS7gB8gLuQRJ7Um.jpg"},{"id":18980,"gender":1,"name":"Katey Sagal","character":"Katherine Junk","profilePath":"/gPoOCjmrdTus013M3obYVZIj0Jx.jpg"}]},"255343":{"id":255343,"title":"Escobar: Paradise Lost","tagline":"Welcome to the family","overview":"For Pablo Escobar family is everything. When young surfer Nick falls for Escobar's niece, Maria, he finds his life on the line when he's pulled into the dangerous world of the family business.","popularity":27.293457,"rating":6.2,"ratingCount":362,"runtime":120,"releaseDate":"2014-10-11","revenue":3758328,"budget":17000000,"posterPath":"/4HngNLzCmUYCPB8FbxSZWN0eDKM.jpg","originalLanguage":"en","genres":[{"id":53,"name":"Thriller"},{"id":10749,"name":"Romance"}],"cast":[{"id":1121,"gender":2,"name":"Benicio del Toro","character":"Pablo Escobar","profilePath":"/5TlC56RMfTeeBxhI6myQe4SDEEo.jpg"},{"id":27972,"gender":2,"name":"Josh Hutcherson","character":"Nick","profilePath":"/fuLYoaiiFhkJzAVj5jOtdZ8FlEl.jpg"},{"id":55493,"gender":2,"name":"Brady Corbet","character":"Dylan","profilePath":"/oZtrpo2tEQsO0gpoR6nrmyyOqxy.jpg"},{"id":1261473,"gender":0,"name":"Claudia Traisac","character":"Maria","profilePath":"/eQkwufLVYERBBjklSQ4NvalLBB0.jpg"},{"id":78882,"gender":2,"name":"Carlos Bardem","character":"Drago","profilePath":"/pCDBcmJo0vSQPEX3aobh1ub0acd.jpg"},{"id":228714,"gender":1,"name":"Ana Girardot","character":"Anne","profilePath":"/7ttRujg13JJbVsYiIKHhjHO4d6I.jpg"},{"id":87265,"gender":0,"name":"Tenoch Huerta","character":"Roldano Brother","profilePath":"/3wGFejGaiDp65z4CrDZaItsPKgC.jpg"}]},"257344":{"id":257344,"title":"Pixels","tagline":"Game On.","overview":"Video game experts are recruited by the military to fight 1980s-era video game characters who've attacked New York.","popularity":24.160567,"rating":5.6,"ratingCount":3225,"runtime":105,"releaseDate":"2015-07-16","revenue":243637091,"budget":88000000,"posterPath":"/ktyVmIqfoaJ8w0gDSZyjhhOPpD6.jpg","originalLanguage":"en","genres":[{"id":28,"name":"Action"},{"id":35,"name":"Comedy"},{"id":878,"name":"Science Fiction"}],"cast":[{"id":19292,"gender":2,"name":"Adam Sandler","character":"Sam Brenner","profilePath":"/tv9V6QsuZ3bcp4ciUJjwjcc4qAg.jpg"},{"id":11705,"gender":1,"name":"Michelle Monaghan","character":"Violet Van Patten","profilePath":"/d9QH5GJ9vxJZPur6yMv9GHPqi4O.jpg"},{"id":22970,"gender":2,"name":"Peter Dinklage","character":"Eddie Plant","profilePath":"/xuB7b4GbARu4HN6gq5zMqjGbkwF.jpg"},{"id":54415,"gender":2,"name":"Josh Gad","character":"Ludlow Lamonsoff","profilePath":"/6ctni3kK4lPteBAInd7kKZyCdZD.jpg"},{"id":32895,"gender":2,"name":"Kevin James","character":"President Will Cooper","profilePath":"/bve9CJ1xHvyyHSH4LsasG0eEQaW.jpg"},{"id":78030,"gender":1,"name":"Ashley Benson","character":"Lady Lisa","profilePath":"/l6z87X9T1orwgjsELfrYUulU7yf.jpg"},{"id":48,"gender":2,"name":"Sean Bean","character":"Corporal Hill (SAS Officer)","profilePath":"/iIxP2IzvcLgr5WaTBD4UfSqaV3q.jpg"}]},"259316":{"id":259316,"title":"Fantastic Beasts and Where to Find Them","tagline":"From J.K. Rowling's wizarding world.","overview":"In 1926, Newt Scamander arrives at the Magical Congress of the United States of America with a magically expanded briefcase, which houses a number of dangerous creatures and their habitats. When the creatures escape from the briefcase, it sends the American wizarding authorities after Newt, and threatens to strain even further the state of magical and non-magical relations.","popularity":29.355201,"rating":7.3,"ratingCount":8139,"runtime":133,"releaseDate":"2016-11-16","revenue":809342332,"budget":180000000,"posterPath":"/1M91Bt3oGspda75H9eLqYZkJzgO.jpg","originalLanguage":"en","genres":[{"id":12,"name":"Adventure"},{"id":10751,"name":"Family"},{"id":14,"name":"Fantasy"}],"cast":[{"id":37632,"gender":2,"name":"Eddie Redmayne","character":"Newt Scamander","profilePath":"/bHipa1GkpedD32w2OIRg5axdkQ6.jpg"},{"id":72466,"gender":2,"name":"Colin Farrell","character":"Percival Graves","profilePath":"/pgMM9r5ll99RXSmz1J4sj8zaddW.jpg"},{"id":77795,"gender":1,"name":"Katherine Waterston","character":"Porpentina \"Tina\" Goldstein","profilePath":"/zgLVX4KJJ6hTD2niGLchkzjfWpJ.jpg"},{"id":58873,"gender":2,"name":"Dan Fogler","character":"Jacob Kowalski","profilePath":"/75hCIe6KHpHUlJDcyoxEp035BWz.jpg"},{"id":998225,"gender":1,"name":"Alison Sudol","character":"Queenie Goldstein","profilePath":"/w0ixLYjKN5I171bQ3XSsgW3Lte3.jpg"},{"id":10127,"gender":2,"name":"Jon Voight","character":"Henry Shaw Sr","profilePath":"/c7BvyqlvqDkfkFqSBUCiR21fvTh.jpg"},{"id":2372,"gender":2,"name":"Ron Perlman","character":"Gnarlack","profilePath":"/xZyrXT2iEmSOokQRc1hedmxrbTi.jpg"}]},"260346":{"id":260346,"title":"Taken 3","tagline":"It Ends Here","overview":"Ex-government operative Bryan Mills finds his life is shattered when he's falsely accused of a murder that hits close to home. As he's pursued by a savvy police inspector, Mills employs his particular set of skills to track the real killer and exact his unique brand of justice.","popularity":35.036557,"rating":6.1,"ratingCount":2757,"runtime":109,"releaseDate":"2014-12-16","revenue":325771424,"budget":48000000,"posterPath":"/ikDwR3i2bczqnRf1urJTy77YTFf.jpg","originalLanguage":"en","genres":[{"id":53,"name":"Thriller"},{"id":28,"name":"Action"}],"cast":[{"id":3896,"gender":2,"name":"Liam Neeson","character":"Bryan Mills","profilePath":"/9mdAohLsDu36WaXV2N3SQ388bvz.jpg"},{"id":2178,"gender":2,"name":"Forest Whitaker","character":"Inspector Frank Dotzler","profilePath":"/4pMQkelS5lK661m9Kz3oIxLYiyS.jpg"},{"id":11825,"gender":1,"name":"Maggie Grace","character":"Kim Mills","profilePath":"/jYgBu0uvED7P7ir5FCsFjqAi0hN.jpg"},{"id":10696,"gender":1,"name":"Famke Janssen","character":"Lenore Mills - St. John","profilePath":"/9wHWq6Mnfpn8L1diMxjr26ReZWl.jpg"},{"id":15336,"gender":2,"name":"Dougray Scott","character":"Stuart St. John","profilePath":"/zeZmtK4EKK9R2r6bp2nTxMs3ByS.jpg"},{"id":55585,"gender":2,"name":"Sam Spruell","character":"Oleg Malankov","profilePath":"/ksZuHMo5c5CqFTbGIb8Rk6e44bP.jpg"},{"id":1280,"gender":2,"name":"Don Harvey","character":"Garcia","profilePath":"/8MOYT034RV1XULZ4RI5AHnStVJF.jpg"}]},"260514":{"id":260514,"title":"Cars 3","tagline":"It's not over until lightning strikes.","overview":"Blindsided by a new generation of blazing-fast racers, the legendary Lightning McQueen is suddenly pushed out of the sport he loves. To get back in the game, he will need the help of an eager young race technician with her own plan to win, inspiration from the late Fabulous Hudson Hornet, and a few unexpected turns. Proving that #95 isn't through yet will test the heart of a champion on Piston Cup Racing’s biggest stage!","popularity":23.220418,"rating":6.7,"ratingCount":1588,"runtime":109,"releaseDate":"2017-06-15","revenue":383925276,"budget":175000000,"posterPath":"/fyy1nDC8wm553FCiBDojkJmKLCs.jpg","originalLanguage":"en","genres":[{"id":12,"name":"Adventure"},{"id":16,"name":"Animation"},{"id":35,"name":"Comedy"},{"id":10751,"name":"Family"}],"cast":[{"id":887,"gender":2,"name":"Owen Wilson","character":"Lightning McQueen (voice)","profilePath":"/j7oYgvfDiO34VcFdSB7GhM2CSle.jpg"},{"id":1374727,"gender":1,"name":"Cristela Alonzo","character":"Cruz Ramirez (voice)","profilePath":"/6e3U7A40XH8nd7xva2gcR5YqOXg.jpg"},{"id":2955,"gender":2,"name":"Chris Cooper","character":"Smokey Yunick (voice)","profilePath":"/ytZY7YofdiAZyiyr4NyiB77lwwQ.jpg"},{"id":53807,"gender":2,"name":"Armie Hammer","character":"Jackson Storm (voice)","profilePath":"/2zq984Jrw53AxDshTQPKpTPGLe8.jpg"},{"id":5149,"gender":1,"name":"Bonnie Hunt","character":"Sally Careera (Voice)","profilePath":"/uKAfrFRZYnHFAxw53Jldbs8yIZO.jpg"},{"id":15897,"gender":2,"name":"Larry the Cable Guy","character":"Mater (Voice)","profilePath":"/9yGwJBveIvLidqJEQI4PRuKQhMr.jpg"},{"id":51797,"gender":2,"name":"Nathan Fillion","character":"Sterling (voice)","profilePath":"/B7VTVtnKyFk0AtYjEbqzBQlPec.jpg"}]},"262500":{"id":262500,"title":"Insurgent","tagline":"One Choice Can Destroy You","overview":"Beatrice Prior must confront her inner demons and continue her fight against a powerful alliance which threatens to tear her society apart.","popularity":38.058384,"rating":6.2,"ratingCount":5043,"runtime":119,"releaseDate":"2015-03-18","revenue":295238201,"budget":110000000,"posterPath":"/6w1VjTPTjTaA5oNvsAg0y4H6bou.jpg","originalLanguage":"en","genres":[{"id":28,"name":"Action"},{"id":12,"name":"Adventure"},{"id":878,"name":"Science Fiction"},{"id":53,"name":"Thriller"}],"cast":[{"id":94185,"gender":1,"name":"Shailene Woodley","character":"Beatrice \"Tris\" Prior","profilePath":"/kkLbiTlBGNwJL9qHuVHeqCMNrEx.jpg"},{"id":587020,"gender":2,"name":"Theo James","character":"Tobias \"Four\" Eaton","profilePath":"/hLNSoQ3gc52X5VVb172yO3CuUEq.jpg"},{"id":204,"gender":1,"name":"Kate Winslet","character":"Jeanine Matthews","profilePath":"/e3tdop3WhseRnn8KwMVLAV25Ybv.jpg"},{"id":1159982,"gender":2,"name":"Ansel Elgort","character":"Caleb Prior","profilePath":"/pygoyP5taxmeD02TQLc4R0prCOi.jpg"},{"id":996701,"gender":2,"name":"Miles Teller","character":"Peter Hayes","profilePath":"/g9DoeCHyn2C110gHbnh6nrD08Id.jpg"},{"id":3489,"gender":1,"name":"Naomi Watts","character":"Evelyn Johnson-Eaton","profilePath":"/8W02WOJI1pEGh2iqQsgITR5tV0P.jpg"},{"id":21045,"gender":1,"name":"Maggie Q","character":"Tori Wu","profilePath":"/xPqbBTBJucEyRGtmWk5wP6PB986.jpg"}]},"262504":{"id":262504,"title":"Allegiant","tagline":"Break the boundaries of your world","overview":"Beatrice Prior and Tobias Eaton venture into the world outside of the fence and are taken into protective custody by a mysterious agency known as the Bureau of Genetic Welfare.","popularity":24.657697,"rating":5.9,"ratingCount":2797,"runtime":121,"releaseDate":"2016-03-09","revenue":179246868,"budget":110000000,"posterPath":"/tSFBh9Ayn5uiwbUK9HvD2lrRgaQ.jpg","originalLanguage":"en","genres":[{"id":12,"name":"Adventure"},{"id":878,"name":"Science Fiction"},{"id":28,"name":"Action"},{"id":9648,"name":"Mystery"}],"cast":[{"id":94185,"gender":1,"name":"Shailene Woodley","character":"Beatrice \"Tris\" Prior","profilePath":"/kkLbiTlBGNwJL9qHuVHeqCMNrEx.jpg"},{"id":587020,"gender":2,"name":"Theo James","character":"Tobias \"Four\" Eaton","profilePath":"/hLNSoQ3gc52X5VVb172yO3CuUEq.jpg"},{"id":37153,"gender":1,"name":"Zoë Kravitz","character":"Christina","profilePath":"/wcl5pdFDAUyDgJ1gfQErXch6FgH.jpg"},{"id":996701,"gender":2,"name":"Miles Teller","character":"Peter Hayes","profilePath":"/g9DoeCHyn2C110gHbnh6nrD08Id.jpg"},{"id":3489,"gender":1,"name":"Naomi Watts","character":"Evelyn Johnson-Eaton","profilePath":"/8W02WOJI1pEGh2iqQsgITR5tV0P.jpg"},{"id":1159982,"gender":2,"name":"Ansel Elgort","character":"Caleb Prior","profilePath":"/pygoyP5taxmeD02TQLc4R0prCOi.jpg"},{"id":8447,"gender":2,"name":"Jeff Daniels","character":"David","profilePath":"/gai03gCu3DxMYxFympt7hUObpI5.jpg"}]},"263115":{"id":263115,"title":"Logan","tagline":"His time has come","overview":"In the near future, a weary Logan cares for an ailing Professor X in a hideout on the Mexican border. But Logan's attempts to hide from the world and his legacy are upended when a young mutant arrives, pursued by dark forces.","popularity":56.640971,"rating":7.7,"ratingCount":9065,"runtime":137,"releaseDate":"2017-02-28","revenue":616801808,"budget":97000000,"posterPath":"/gGBu0hKw9BGddG8RkRAMX7B6NDB.jpg","originalLanguage":"en","genres":[{"id":28,"name":"Action"},{"id":18,"name":"Drama"},{"id":878,"name":"Science Fiction"}],"cast":[{"id":6968,"gender":2,"name":"Hugh Jackman","character":"Logan Howlett / Wolverine / X-24","profilePath":"/dFbNlPpiEPupTAlNVNh5vrxBU1h.jpg"},{"id":2387,"gender":2,"name":"Patrick Stewart","character":"Charles Xavier / Professor X","profilePath":"/wEy5qSDT5jT3ZASc2hbwi59voPL.jpg"},{"id":1464650,"gender":1,"name":"Dafne Keen","character":"Laura Kinney / X-23","profilePath":"/jIsL2F19RUksPvBHsA2xQ2OYXK3.jpg"},{"id":467645,"gender":2,"name":"Boyd Holbrook","character":"Donald Pierce","profilePath":"/531YOKa2usleWCA55t6Db4MZhT3.jpg"},{"id":39189,"gender":2,"name":"Stephen Merchant","character":"Caliban","profilePath":"/A70Gtg3kkTeCBgtFkSRPu9qfPQu.jpg"},{"id":20766,"gender":2,"name":"Richard E. Grant","character":"Dr. Zander Rice","profilePath":"/jMnSjjPQwCOAJ1kPRXLbh0WnsPa.jpg"},{"id":1697154,"gender":1,"name":"Sienna Novikov","character":"Laura (double)","profilePath":null}]},"264660":{"id":264660,"title":"Ex Machina","tagline":"There is nothing more human than the will to survive","overview":"Caleb, a 26 year old coder at the world's largest internet company, wins a competition to spend a week at a private mountain retreat belonging to Nathan, the reclusive CEO of the company. But when Caleb arrives at the remote location he finds that he will have to participate in a strange and fascinating experiment in which he must interact with the world's first true artificial intelligence, housed in the body of a beautiful robot girl.","popularity":22.834129,"rating":7.6,"ratingCount":6230,"runtime":108,"releaseDate":"2015-01-21","revenue":36869414,"budget":15000000,"posterPath":"/btbRB7BrD887j5NrvjxceRDmaot.jpg","originalLanguage":"en","genres":[{"id":18,"name":"Drama"},{"id":878,"name":"Science Fiction"}],"cast":[{"id":93210,"gender":2,"name":"Domhnall Gleeson","character":"Caleb Smith","profilePath":"/nSZ0JZEvHnEJ3sxQ8TWwOvQlMSo.jpg"},{"id":227454,"gender":1,"name":"Alicia Vikander","character":"Ava","profilePath":"/4zrfXLhi4MbGQWUJQJcQroHbCS5.jpg"},{"id":25072,"gender":2,"name":"Oscar Isaac","character":"Nathan Bateman","profilePath":"/cY6ail3ebXDx9FCoZMgVGAbmBus.jpg"},{"id":1457238,"gender":1,"name":"Sonoya Mizuno","character":"Kyoko","profilePath":"/viBGs19MG44f6rKrCQjIU1cCcnY.jpg"},{"id":17199,"gender":2,"name":"Corey Johnson","character":"Jay","profilePath":"/8jS7kzs01qMOHIltiDI2TQckmgs.jpg"},{"id":1457239,"gender":0,"name":"Claire Selby","character":"Lily","profilePath":"/hBvu5Q60xGL5nOKDsPb7ohehwCK.jpg"},{"id":1394342,"gender":0,"name":"Symara A. Templeman","character":"Jasmine","profilePath":"/2ewZwYyVACCiAXkVzyhpOwXjlxr.jpg"}]},"268896":{"id":268896,"title":"Pacific Rim: Uprising","tagline":"Rise Up","overview":"It has been ten years since The Battle of the Breach and the oceans are still, but restless. Vindicated by the victory at the Breach, the Jaeger program has evolved into the most powerful global defense force in human history. The PPDC now calls upon the best and brightest to rise up and become the next generation of heroes when the Kaiju threat returns.","popularity":75.26888,"rating":5.9,"ratingCount":688,"runtime":111,"releaseDate":"2018-03-21","revenue":288284735,"budget":150000000,"posterPath":"/v5HlmJK9bdeHxN2QhaFP1ivjX3U.jpg","originalLanguage":"en","genres":[{"id":28,"name":"Action"},{"id":14,"name":"Fantasy"},{"id":878,"name":"Science Fiction"},{"id":12,"name":"Adventure"}],"cast":[{"id":236695,"gender":2,"name":"John Boyega","character":"Jake Pentecost","profilePath":"/3153CfpgZQXTzCY0i74WpJumMQe.jpg"},{"id":928572,"gender":2,"name":"Scott Eastwood","character":"Nate Lambert","profilePath":"/w8yZtoTB2XGJWYJxZBLWp1Smqrk.jpg"},{"id":1683343,"gender":1,"name":"Cailee Spaeny","character":"Amara Namani","profilePath":"/yl3YeRSHlDVArfgMdHh2v7Ui9zO.jpg"},{"id":1151657,"gender":1,"name":"Jing Tian","character":"Liwen Shao","profilePath":"/kofshu6S97vdYoYbc7uOFBHiNaw.jpg"},{"id":18054,"gender":1,"name":"Rinko Kikuchi","character":"Mako Mori","profilePath":"/n1GSGFdpoiDXT3ozZflsmcJy21Y.jpg"},{"id":39659,"gender":0,"name":"Burn Gorman","character":"Dr. Hermann Gottlieb","profilePath":"/qpdtwkUJ5cG1zxql7xXomGgcTMc.jpg"},{"id":17605,"gender":2,"name":"Idris Elba","character":"Stacker Pentecost","profilePath":"/d9NkfCwczP0TjgrjpF94jF67SK8.jpg"}]},"269149":{"id":269149,"title":"Zootopia","tagline":"Welcome to the urban jungle.","overview":"Determined to prove herself, Officer Judy Hopps, the first bunny on Zootopia's police force, jumps at the chance to crack her first case - even if it means partnering with scam-artist fox Nick Wilde to solve the mystery.","popularity":106.701257,"rating":7.7,"ratingCount":7273,"runtime":108,"releaseDate":"2016-02-11","revenue":1023784195,"budget":150000000,"posterPath":"/sM33SANp9z6rXW8Itn7NnG1GOEs.jpg","originalLanguage":"en","genres":[{"id":16,"name":"Animation"},{"id":12,"name":"Adventure"},{"id":10751,"name":"Family"},{"id":35,"name":"Comedy"}],"cast":[{"id":417,"gender":1,"name":"Ginnifer Goodwin","character":"Judy Hopps (voice)","profilePath":"/vAH6j1A0L88R4UD9QX1nM9OLoYw.jpg"},{"id":23532,"gender":2,"name":"Jason Bateman","character":"Nick Wilde (voice)","profilePath":"/ttzLpjvcLkvXyyTBpjmZw11tjlr.jpg"},{"id":446511,"gender":1,"name":"Shakira","character":"Gazelle (voice)","profilePath":"/lvpKTDdWUv61sty299uC8DQzVTX.jpg"},{"id":17605,"gender":2,"name":"Idris Elba","character":"Chief Bogo (voice)","profilePath":"/d9NkfCwczP0TjgrjpF94jF67SK8.jpg"},{"id":6944,"gender":1,"name":"Octavia Spencer","character":"Mrs. Otterton (voice)","profilePath":"/4FEVru6fBFyJECqwqjHwlZdsL4c.jpg"},{"id":18999,"gender":2,"name":"J.K. Simmons","character":"Mayor Leodore Lionheart (voice)","profilePath":"/jPoNW5fugs5h8AbcE7H5OBm04Tm.jpg"},{"id":21088,"gender":2,"name":"Alan Tudyk","character":"Duke Weaselton (voice)","profilePath":"/6QuMtbD8kmhpwWhFKfNzEvHRLOu.jpg"}]},"270946":{"id":270946,"title":"Penguins of Madagascar","tagline":"The Movie Event That Will Blow Their Cover","overview":"Skipper, Kowalski, Rico and Private join forces with undercover organization The North Wind to stop the villainous Dr. Octavius Brine from destroying the world as we know it.","popularity":23.928473,"rating":6.4,"ratingCount":1706,"runtime":92,"releaseDate":"2014-11-22","revenue":373552094,"budget":132000000,"posterPath":"/pRer59eyY4rjkLPeKXKo7fPxCHH.jpg","originalLanguage":"en","genres":[{"id":10751,"name":"Family"},{"id":16,"name":"Animation"},{"id":12,"name":"Adventure"},{"id":35,"name":"Comedy"}],"cast":[{"id":18864,"gender":2,"name":"Tom McGrath","character":"Skipper (voice)","profilePath":"/1qOQBwXSIAH0CKWP2RymCMdOi7a.jpg"},{"id":12098,"gender":2,"name":"Chris Miller","character":"Kowalski (voice)","profilePath":"/lw0PREJF51j1gPUQVO2tVX6dduJ.jpg"},{"id":12097,"gender":2,"name":"Christopher Knights","character":"Private (voice)","profilePath":"/Ut3gyVRUhEn17gAJ4THnahs0fg.jpg"},{"id":12080,"gender":2,"name":"Conrad Vernon","character":"Rico (voice)","profilePath":"/kSyVrs8NtLoQhfBXFBhnTWzC7Vm.jpg"},{"id":6949,"gender":2,"name":"John Malkovich","character":"Dave (voice)","profilePath":"/tCtiWZbKKRgHhLxFCIPfveYAsdc.jpg"},{"id":71580,"gender":2,"name":"Benedict Cumberbatch","character":"Classified (voice)","profilePath":"/wz3MRiMmoz6b5X3oSzMRC9nLxY1.jpg"},{"id":83586,"gender":2,"name":"Ken Jeong","character":"Short Fuse (voice)","profilePath":"/rEebZHRju1WtSOdvQJB5je5ZNGj.jpg"}]},"271110":{"id":271110,"title":"Captain America: Civil War","tagline":"Divided We Fall","overview":"Following the events of Age of Ultron, the collective governments of the world pass an act designed to regulate all superhuman activity. This polarizes opinion amongst the Avengers, causing two factions to side with Iron Man or Captain America, which causes an epic battle between former allies.","popularity":51.756424,"rating":7.2,"ratingCount":10024,"runtime":147,"releaseDate":"2016-04-27","revenue":1153304495,"budget":240000000,"posterPath":"/kSBXou5Ac7vEqKd97wotJumyJvU.jpg","originalLanguage":"en","genres":[{"id":12,"name":"Adventure"},{"id":28,"name":"Action"},{"id":878,"name":"Science Fiction"}],"cast":[{"id":16828,"gender":2,"name":"Chris Evans","character":"Steve Rogers / Captain America","profilePath":"/kRlx7PxXkom7Daj8Z2HmcbPQB1o.jpg"},{"id":3223,"gender":2,"name":"Robert Downey Jr.","character":"Tony Stark / Iron Man","profilePath":"/1YjdSym1jTG7xjHSI0yGGWEsw5i.jpg"},{"id":60898,"gender":2,"name":"Sebastian Stan","character":"James \"Bucky Barnes\" / Winter Soldier","profilePath":"/8MOp9cazWpC4CrGLZnD11A6Dv8c.jpg"},{"id":1245,"gender":1,"name":"Scarlett Johansson","character":"Natasha Romanoff / Black Widow","profilePath":"/oqvusJfmH4zN2LgdCjmB2TxetOd.jpg"},{"id":17604,"gender":2,"name":"Jeremy Renner","character":"Clint Barton / Hawkeye","profilePath":"/l6CxIOFCjF65298teEJd5mCnPDO.jpg"},{"id":53650,"gender":2,"name":"Anthony Mackie","character":"Sam Wilson / Falcon","profilePath":"/5VGGJ0Co8SC94iiedWb2o3C36T.jpg"},{"id":1896,"gender":2,"name":"Don Cheadle","character":"James \"Rhodey\" Rhodes / War Machine","profilePath":"/b1EVJWdFn7a75qVYJgwO87W2TJU.jpg"}]},"273481":{"id":273481,"title":"Sicario","tagline":"The border is just another line to cross.","overview":"A young female FBI agent joins a secret CIA operation to take down a Mexican cartel boss, a job that ends up pushing her ethical and moral values to the limit.","popularity":23.470432,"rating":7.2,"ratingCount":3251,"runtime":121,"releaseDate":"2015-09-17","revenue":84025816,"budget":30000000,"posterPath":"/p2SdfGmQRaw8xhFbexlHL7srMM8.jpg","originalLanguage":"en","genres":[{"id":28,"name":"Action"},{"id":80,"name":"Crime"},{"id":18,"name":"Drama"},{"id":9648,"name":"Mystery"},{"id":53,"name":"Thriller"}],"cast":[{"id":5081,"gender":1,"name":"Emily Blunt","character":"Kate Macer","profilePath":"/w5bjRgGy3vNkJqY97kbvTp7ldxb.jpg"},{"id":1121,"gender":2,"name":"Benicio del Toro","character":"Alejandro Gillick","profilePath":"/5TlC56RMfTeeBxhI6myQe4SDEEo.jpg"},{"id":16851,"gender":2,"name":"Josh Brolin","character":"Matt Graver","profilePath":"/x8KKnvHyPvH16M6waAnY1OeCtA8.jpg"},{"id":8536,"gender":2,"name":"Victor Garber","character":"Dave Jennings","profilePath":"/xFgPEfVEqz7Li2xoyjRPEKCjCrH.jpg"},{"id":19498,"gender":2,"name":"Jon Bernthal","character":"Ted","profilePath":"/w3epqN0BlV4TiUV9255d5tSCIRV.jpg"},{"id":206919,"gender":2,"name":"Daniel Kaluuya","character":"Reggie Wayne","profilePath":"/24trqMr2PBwAmttp9X4F3ZErgt4.jpg"},{"id":52886,"gender":2,"name":"Jeffrey Donovan","character":"Steve Forsing","profilePath":"/5i47zZDpnAjLBtQdlqhg5AIYCuT.jpg"}]},"274855":{"id":274855,"title":"Geostorm","tagline":"Some things were never meant to be controlled.","overview":"After an unprecedented series of natural disasters threatened the planet, the world's leaders came together to create an intricate network of satellites to control the global climate and keep everyone safe. But now, something has gone wrong: the system built to protect Earth is attacking it, and it becomes a race against the clock to uncover the real threat before a worldwide geostorm wipes out everything and everyone along with it.","popularity":26.803263,"rating":5.7,"ratingCount":1384,"runtime":109,"releaseDate":"2017-10-13","revenue":221600160,"budget":120000000,"posterPath":"/nrsx0jEaBgXq4PWo7SooSnYJTv.jpg","originalLanguage":"en","genres":[{"id":28,"name":"Action"},{"id":878,"name":"Science Fiction"},{"id":53,"name":"Thriller"}],"cast":[{"id":17276,"gender":2,"name":"Gerard Butler","character":"Jake Lawson","profilePath":"/i54XoxYieuff2w6MwyfwVUBvmR0.jpg"},{"id":5644,"gender":1,"name":"Alexandra Maria Lara","character":"Ute Fassbinder","profilePath":"/aQS8gK9zJDu2eIUEHUIWqWFcTSj.jpg"},{"id":38941,"gender":2,"name":"Jim Sturgess","character":"Max Lawson","profilePath":"/fkK5UfM6g8880vaIAyw9qC9ehW2.jpg"},{"id":37260,"gender":1,"name":"Abbie Cornish","character":"U.S. Secret Service Agent Sarah Wilson","profilePath":"/keDV2eWIcdGGiFNaF3DjJA98KIt.jpg"},{"id":228,"gender":2,"name":"Ed Harris","character":"U.S. Secretary of State Leonard Dekkom","profilePath":"/a9ITc3shCAWjV4qKf3rgR0Opu3y.jpg"},{"id":1271,"gender":2,"name":"Andy García","character":"U.S. President Andrew Palma","profilePath":"/zE3KYH6f6cxCehJJYKDTQa8sCaK.jpg"},{"id":1545693,"gender":1,"name":"Zazie Beetz","character":"Dana","profilePath":"/sgxzT54GnvgeMnOZgpQQx9csAdd.jpg"}]},"278154":{"id":278154,"title":"Ice Age: Collision Course","tagline":"One small step. One giant mess.","overview":"Set after the events of Continental Drift, Scrat's epic pursuit of his elusive acorn catapults him outside of Earth, where he accidentally sets off a series of cosmic events that transform and threaten the planet. To save themselves from peril, Manny, Sid, Diego, and the rest of the herd leave their home and embark on a quest full of thrills and spills, highs and lows, laughter and adventure while traveling to exotic new lands and encountering a host of colorful new characters.","popularity":39.536288,"rating":5.7,"ratingCount":1628,"runtime":100,"releaseDate":"2016-06-23","revenue":408579038,"budget":105000000,"posterPath":"/gRi7lTBBiRBhn9aJID5MdldcJEJ.jpg","originalLanguage":"en","genres":[{"id":12,"name":"Adventure"},{"id":16,"name":"Animation"},{"id":10751,"name":"Family"},{"id":35,"name":"Comedy"}],"cast":[{"id":15757,"gender":2,"name":"Ray Romano","character":"Manny (voice)","profilePath":"/zWT03QvuVYySlrjmHCojKrNYjoC.jpg"},{"id":5723,"gender":2,"name":"John Leguizamo","character":"Sid (voice)","profilePath":"/rbq24AzthnwRXUYcVfUnP5bKN50.jpg"},{"id":5724,"gender":2,"name":"Denis Leary","character":"Diego (voice)","profilePath":"/lnk4HjUeqDlT6Kg9PaQsVIDpl56.jpg"},{"id":15758,"gender":1,"name":"Queen Latifah","character":"Ellie (voice)","profilePath":"/ht52no1SMDhYBwRAmWL9a5YCss1.jpg"},{"id":57599,"gender":2,"name":"Seann William Scott","character":"Crash (voice)","profilePath":"/c7iqFLkgNiTMAS9xGw0GlfJcm4H.jpg"},{"id":15760,"gender":2,"name":"Josh Peck","character":"Eddie","profilePath":"/MliTSjRnt2WMsFKQqEFLmOff8b.jpg"},{"id":11108,"gender":2,"name":"Simon Pegg","character":"Buck (voice)","profilePath":"/23e2uoNlpDvLumNic16fS2YjZjL.jpg"}]},"281338":{"id":281338,"title":"War for the Planet of the Apes","tagline":"For freedom. For family. For the planet.","overview":"Caesar and his apes are forced into a deadly conflict with an army of humans led by a ruthless Colonel. After the apes suffer unimaginable losses, Caesar wrestles with his darker instincts and begins his own mythic quest to avenge his kind. As the journey finally brings them face to face, Caesar and the Colonel are pitted against each other in an epic battle that will determine the fate of both their species and the future of the planet.","popularity":59.4646,"rating":6.9,"ratingCount":3733,"runtime":140,"releaseDate":"2017-07-11","revenue":488533726,"budget":150000000,"posterPath":"/3vYhLLxrTtZLysXtIWktmd57Snv.jpg","originalLanguage":"en","genres":[{"id":18,"name":"Drama"},{"id":878,"name":"Science Fiction"},{"id":10752,"name":"War"}],"cast":[{"id":1333,"gender":2,"name":"Andy Serkis","character":"Caesar","profilePath":"/olYcaJoZuHVW92gZgtVMUWGqMR8.jpg"},{"id":57755,"gender":2,"name":"Woody Harrelson","character":"The Colonel","profilePath":"/1ecdooAHICUhCZKKEKlFtccEmTU.jpg"},{"id":18324,"gender":2,"name":"Steve Zahn","character":"Bad Ape","profilePath":"/tcRHqtdi4wM8hlZ3MjPDWgePp7L.jpg"},{"id":58395,"gender":1,"name":"Karin Konoval","character":"Maurice","profilePath":"/5e8YyNQjWre2UbExYBlJ7zva934.jpg"},{"id":236696,"gender":2,"name":"Terry Notary","character":"Rocket","profilePath":"/hIwDLupV2EOi6EqpHa1DNjrNRZU.jpg"},{"id":42711,"gender":2,"name":"Ty Olsson","character":"Red Donkey","profilePath":"/4cXAEMnYNjSOaI9stdSWfhNn49A.jpg"},{"id":63566,"gender":2,"name":"Michael Adamthwaite","character":"Luca","profilePath":"/cLHvXOFJgGPEN4ym0a2Ys4s3p85.jpg"}]},"281957":{"id":281957,"title":"The Revenant","tagline":"(n. One who has returned, as if from the dead.)","overview":"In the 1820s, a frontiersman, Hugh Glass, sets out on a path of vengeance against those who left him for dead after a bear mauling.","popularity":22.986577,"rating":7.4,"ratingCount":8382,"runtime":156,"releaseDate":"2015-12-25","revenue":532950503,"budget":135000000,"posterPath":"/oXUWEc5i3wYyFnL1Ycu8ppxxPvs.jpg","originalLanguage":"en","genres":[{"id":37,"name":"Western"},{"id":18,"name":"Drama"},{"id":12,"name":"Adventure"},{"id":53,"name":"Thriller"}],"cast":[{"id":6193,"gender":2,"name":"Leonardo DiCaprio","character":"Hugh Glass","profilePath":"/w7bU92hsW21RgBgQRgvsEBFMA4h.jpg"},{"id":2524,"gender":2,"name":"Tom Hardy","character":"John Fitzgerald","profilePath":"/4CR1D9VLWZcmGgh4b6kKuY2NOel.jpg"},{"id":93491,"gender":2,"name":"Will Poulter","character":"Jim Bridger","profilePath":"/uzzt8okraVwvxSfoU4MJ39bdHwV.jpg"},{"id":93210,"gender":2,"name":"Domhnall Gleeson","character":"Captain Andrew Henry","profilePath":"/nSZ0JZEvHnEJ3sxQ8TWwOvQlMSo.jpg"},{"id":220448,"gender":2,"name":"Paul Anderson","character":"Anderson","profilePath":"/fHLtf1RvQ2i6ZudyL0WRwmEeTxv.jpg"},{"id":1126405,"gender":2,"name":"Brad Carter","character":"Johnnie","profilePath":"/dBBW2eTaY8gmEKYkSXAMo6g5uJY.jpg"},{"id":7742,"gender":2,"name":"Kristoffer Joner","character":"Murphy","profilePath":"/vufeSWAdY9653t5Vxu3HysCnIkY.jpg"}]},"283995":{"id":283995,"title":"Guardians of the Galaxy Vol. 2","tagline":"Obviously.","overview":"The Guardians must fight to keep their newfound family together as they unravel the mysteries of Peter Quill's true parentage.","popularity":57.41675,"rating":7.6,"ratingCount":8132,"runtime":137,"releaseDate":"2017-04-19","revenue":863756051,"budget":200000000,"posterPath":"/y4MBh0EjBlMuOzv9axM4qJlmhzz.jpg","originalLanguage":"en","genres":[{"id":28,"name":"Action"},{"id":12,"name":"Adventure"},{"id":35,"name":"Comedy"},{"id":878,"name":"Science Fiction"}],"cast":[{"id":73457,"gender":2,"name":"Chris Pratt","character":"Peter Quill / Star-Lord","profilePath":"/n4DD1AYU7WEMNPLga1TxqnHivn1.jpg"},{"id":8691,"gender":1,"name":"Zoe Saldana","character":"Gamora","profilePath":"/ofNrWiA2KDdqiNxFTLp51HcXUlp.jpg"},{"id":543530,"gender":2,"name":"Dave Bautista","character":"Drax the Destroyer","profilePath":"/oZDL1VprkUEFhOtG5WcVjudj5ks.jpg"},{"id":12835,"gender":2,"name":"Vin Diesel","character":"Baby Groot (voice)","profilePath":"/mjRdM6w6Uz1UnrKQ5Kw02qGln2K.jpg"},{"id":51329,"gender":2,"name":"Bradley Cooper","character":"Rocket Raccoon (voice)","profilePath":"/z5LUl9bljJnah3S5rtN7rScrmI8.jpg"},{"id":6856,"gender":2,"name":"Kurt Russell","character":"Ego","profilePath":"/rlnFuNkisPpuypARI7QaGCmOY6V.jpg"},{"id":12132,"gender":2,"name":"Michael Rooker","character":"Yondu Udonta","profilePath":"/bvmf7TIjCyRPrBNrmZ5qyePTL5y.jpg"}]},"284052":{"id":284052,"title":"Doctor Strange","tagline":"Open your mind. Change your reality.","overview":"After his career is destroyed, a brilliant but arrogant surgeon gets a new lease on life when a sorcerer takes him under his wing and trains him to defend the world against evil.","popularity":45.279085,"rating":7.2,"ratingCount":8518,"runtime":115,"releaseDate":"2016-10-25","revenue":677718395,"budget":166000000,"posterPath":"/4PiiNGXj1KENTmCBHeN6Mskj2Fq.jpg","originalLanguage":"en","genres":[{"id":28,"name":"Action"},{"id":12,"name":"Adventure"},{"id":14,"name":"Fantasy"},{"id":878,"name":"Science Fiction"}],"cast":[{"id":71580,"gender":2,"name":"Benedict Cumberbatch","character":"Stephen Strange / Doctor Strange / Dormammu","profilePath":"/wz3MRiMmoz6b5X3oSzMRC9nLxY1.jpg"},{"id":5294,"gender":2,"name":"Chiwetel Ejiofor","character":"Karl Mordo","profilePath":"/fwaEgwYJdzGyBmGcHiH13vobQii.jpg"},{"id":53714,"gender":1,"name":"Rachel McAdams","character":"Dr. Christine Palmer","profilePath":"/j7EhBy7O6IbCdcTlXFNKHYS5StH.jpg"},{"id":1019,"gender":2,"name":"Mads Mikkelsen","character":"Kaecilius","profilePath":"/8F1dY2rjZ1YDEKH0imDs21xdTDX.jpg"},{"id":3063,"gender":1,"name":"Tilda Swinton","character":"The Ancient One","profilePath":"/eGNo9qwlunvAi4kCVUEFtQFM5X.jpg"},{"id":30082,"gender":2,"name":"Benedict Wong","character":"Wong","profilePath":"/iBzJ8s7GqgtRfGH3q0Ep5OKnaGf.jpg"},{"id":72873,"gender":2,"name":"Michael Stuhlbarg","character":"Dr. Nicodemus West","profilePath":"/seBk12MUK51aUoYX4OW1itfOpJ6.jpg"}]},"284053":{"id":284053,"title":"Thor: Ragnarok","tagline":"No Hammer. No Problem.","overview":"Thor is imprisoned on the other side of the universe and finds himself in a race against time to get back to Asgard to stop Ragnarok, the prophecy of destruction to his homeworld and the end of Asgardian civilization, at the hands of an all-powerful new threat, the ruthless Hela.","popularity":203.562107,"rating":7.4,"ratingCount":6326,"runtime":130,"releaseDate":"2017-10-25","revenue":853977126,"budget":180000000,"posterPath":"/rzRwTcFvttcN1ZpX2xv4j3tSdJu.jpg","originalLanguage":"en","genres":[{"id":28,"name":"Action"},{"id":12,"name":"Adventure"},{"id":14,"name":"Fantasy"},{"id":878,"name":"Science Fiction"}],"cast":[{"id":74568,"gender":2,"name":"Chris Hemsworth","character":"Thor Odinson","profilePath":"/lrhth7yK9p3vy6p7AabDUM1THKl.jpg"},{"id":91606,"gender":2,"name":"Tom Hiddleston","character":"Loki","profilePath":"/qB1lHPFBPIzw6I7EvsciZ5wyUNS.jpg"},{"id":112,"gender":1,"name":"Cate Blanchett","character":"Hela","profilePath":"/eE98pTm0Q2xIn0710VBC603IE5Q.jpg"},{"id":103,"gender":2,"name":"Mark Ruffalo","character":"Bruce Banner / The Hulk","profilePath":"/isQ747u0MU8U9gdsNlPngjABclH.jpg"},{"id":62561,"gender":1,"name":"Tessa Thompson","character":"Brunnhilde / Valkyrie","profilePath":"/fycqdiiM6dsNSbnONBVVQ57ILV1.jpg"},{"id":17605,"gender":2,"name":"Idris Elba","character":"Heimdall","profilePath":"/d9NkfCwczP0TjgrjpF94jF67SK8.jpg"},{"id":4785,"gender":2,"name":"Jeff Goldblum","character":"Grandmaster","profilePath":"/m8p62pvkVtPxkfAIJhb5AgGw8kA.jpg"}]},"284054":{"id":284054,"title":"Black Panther","tagline":"Long live the king","overview":"King T'Challa returns home from America to the reclusive, technologically advanced African nation of Wakanda to serve as his country's new leader. However, T'Challa soon finds that he is challenged for the throne by factions within his own country as well as without. Using powers reserved to Wakandan kings, T'Challa assumes the Black Panther mantel to join with girlfriend Nakia, the queen-mother, his princess-kid sister, members of the Dora Milaje (the Wakandan 'special forces') and an American secret agent, to prevent Wakanda from being dragged into a world war.","popularity":229.048459,"rating":7.3,"ratingCount":5399,"runtime":134,"releaseDate":"2018-02-13","revenue":1341379495,"budget":200000000,"posterPath":"/uxzzxijgPIY7slzFvMotPv8wjKA.jpg","originalLanguage":"en","genres":[{"id":28,"name":"Action"},{"id":12,"name":"Adventure"},{"id":14,"name":"Fantasy"},{"id":878,"name":"Science Fiction"}],"cast":[{"id":172069,"gender":2,"name":"Chadwick Boseman","character":"T'Challa / Black Panther","profilePath":"/if0BTPOSkbnvIjry5OcfV7GfRrO.jpg"},{"id":135651,"gender":2,"name":"Michael B. Jordan","character":"N’Jadaka / Erik Killmonger","profilePath":"/xjMZd0k7G0nN6BXTjQBzf3Gyrz7.jpg"},{"id":1267329,"gender":1,"name":"Lupita Nyong'o","character":"Nakia","profilePath":"/95QjzhpCgoNQ06piZRVSPxZTQHd.jpg"},{"id":82104,"gender":1,"name":"Danai Gurira","character":"Okoye","profilePath":"/xgo39kFf6rAynb1i9J1BeLfSXxg.jpg"},{"id":7060,"gender":2,"name":"Martin Freeman","character":"Everett K. Ross","profilePath":"/ashlWz2KDQTbo8NPUbVOwcB3zXJ.jpg"},{"id":206919,"gender":2,"name":"Daniel Kaluuya","character":"W'Kabi","profilePath":"/24trqMr2PBwAmttp9X4F3ZErgt4.jpg"},{"id":1083010,"gender":1,"name":"Letitia Wright","character":"Shuri","profilePath":"/iWL9HWJ1FhX3F7qRQCCSTIBP8Lt.jpg"}]},"286217":{"id":286217,"title":"The Martian","tagline":"Bring Him Home","overview":"During a manned mission to Mars, Astronaut Mark Watney is presumed dead after a fierce storm and left behind by his crew. But Watney has survived and finds himself stranded and alone on the hostile planet. With only meager supplies, he must draw upon his ingenuity, wit and spirit to subsist and find a way to signal to Earth that he is alive.","popularity":25.877099,"rating":7.6,"ratingCount":9369,"runtime":141,"releaseDate":"2015-09-30","revenue":630161890,"budget":108000000,"posterPath":"/5aGhaIHYuQbqlHWvWYqMCnj40y2.jpg","originalLanguage":"en","genres":[{"id":18,"name":"Drama"},{"id":12,"name":"Adventure"},{"id":878,"name":"Science Fiction"}],"cast":[{"id":1892,"gender":2,"name":"Matt Damon","character":"Mark Watney","profilePath":"/elSlNgV8xVifsbHpFsqrPGxJToZ.jpg"},{"id":83002,"gender":1,"name":"Jessica Chastain","character":"Melissa Lewis","profilePath":"/nkFrkn5NZVGWb4b2X0yIcXezhyt.jpg"},{"id":41091,"gender":1,"name":"Kristen Wiig","character":"Annie Montrose","profilePath":"/iqRX3PDxA33zFhSfKTo5BE593G4.jpg"},{"id":8447,"gender":2,"name":"Jeff Daniels","character":"Teddy Sanders","profilePath":"/gai03gCu3DxMYxFympt7hUObpI5.jpg"},{"id":454,"gender":2,"name":"Michael Peña","character":"Rick Martinez","profilePath":"/oqlIKSglghuX7kSTalODn71nlOd.jpg"},{"id":48,"gender":2,"name":"Sean Bean","character":"Mitch Henderson","profilePath":"/iIxP2IzvcLgr5WaTBD4UfSqaV3q.jpg"},{"id":51072,"gender":1,"name":"Kate Mara","character":"Beth Johanssen","profilePath":"/vK6eOzrFmQNoRyHIP8N5p5Ri4fp.jpg"}]},"291270":{"id":291270,"title":"Anomalisa","tagline":"Welcome to the Kaufman surreal-neorealism tale in a dull world of sameness.","overview":"A man crippled by the mundanity of his life experiences something out of the ordinary.","popularity":24.507087,"rating":7,"ratingCount":662,"runtime":90,"releaseDate":"2015-12-30","revenue":5659286,"budget":8000000,"posterPath":"/5DpDEEb6UJUiSaXyNegYlCqsZdd.jpg","originalLanguage":"en","genres":[{"id":16,"name":"Animation"},{"id":35,"name":"Comedy"},{"id":18,"name":"Drama"},{"id":10749,"name":"Romance"}],"cast":[{"id":11207,"gender":2,"name":"David Thewlis","character":"Michael Stone (voice)","profilePath":"/lWCGcTKvr4QUi8MvFBleMw8xY8.jpg"},{"id":10431,"gender":1,"name":"Jennifer Jason Leigh","character":"Lisa Hesselman (voice)","profilePath":"/3OlL9li7qmfXQYEtmpOm34V1huY.jpg"},{"id":119232,"gender":2,"name":"Tom Noonan","character":"Everyone Else (voice)","profilePath":"/cpINV4Q8IeVgSLyKz9ldzzAGr5n.jpg"}]},"291805":{"id":291805,"title":"Now You See Me 2","tagline":"You Haven't Seen Anything Yet","overview":"One year after outwitting the FBI and winning the public’s adulation with their mind-bending spectacles, the Four Horsemen resurface only to find themselves face to face with a new enemy who enlists them to pull off their most dangerous heist yet.","popularity":30.461924,"rating":6.7,"ratingCount":4718,"runtime":129,"releaseDate":"2016-06-02","revenue":334901337,"budget":90000000,"posterPath":"/hU0E130tsGdsYa4K9lc3Xrn5Wyt.jpg","originalLanguage":"en","genres":[{"id":28,"name":"Action"},{"id":12,"name":"Adventure"},{"id":35,"name":"Comedy"},{"id":80,"name":"Crime"},{"id":9648,"name":"Mystery"},{"id":53,"name":"Thriller"}],"cast":[{"id":44735,"gender":2,"name":"Jesse Eisenberg","character":"J. Daniel Atlas","profilePath":"/c01G88eCpiLLmT4RIWGkr7nm31o.jpg"},{"id":57755,"gender":2,"name":"Woody Harrelson","character":"Merritt McKinney","profilePath":"/1ecdooAHICUhCZKKEKlFtccEmTU.jpg"},{"id":103,"gender":2,"name":"Mark Ruffalo","character":"Dylan Rhodes","profilePath":"/isQ747u0MU8U9gdsNlPngjABclH.jpg"},{"id":54697,"gender":2,"name":"Dave Franco","character":"Jack Wilder","profilePath":"/sWsW3mFSJzfbMUf43R0J8tY8BeW.jpg"},{"id":192,"gender":2,"name":"Morgan Freeman","character":"Thaddeus Bradley","profilePath":"/oGJQhOpT8S1M56tvSsbEBePV5O1.jpg"},{"id":3895,"gender":2,"name":"Michael Caine","character":"Arthur Tressler","profilePath":"/vvj0JMSFpOajXCE46Hy4dyqSP2U.jpg"},{"id":51988,"gender":1,"name":"Lizzy Caplan","character":"Lula","profilePath":"/twHeYwytmedhmv8HSHfTJOxqbTc.jpg"}]},"293167":{"id":293167,"title":"Kong: Skull Island","tagline":"All hail the king","overview":"Explore the mysterious and dangerous home of the king of the apes as a team of explorers ventures deep inside the treacherous, primordial island.","popularity":24.75717,"rating":6.3,"ratingCount":4453,"runtime":118,"releaseDate":"2017-03-08","revenue":566652812,"budget":185000000,"posterPath":"/r2517Vz9EhDhj88qwbDVj8DCRZN.jpg","originalLanguage":"en","genres":[{"id":28,"name":"Action"},{"id":12,"name":"Adventure"},{"id":14,"name":"Fantasy"}],"cast":[{"id":91606,"gender":2,"name":"Tom Hiddleston","character":"Captain James Conrad","profilePath":"/qB1lHPFBPIzw6I7EvsciZ5wyUNS.jpg"},{"id":2231,"gender":2,"name":"Samuel L. Jackson","character":"Lieutenant Colonel Preston Packard","profilePath":"/AvCReLikjzYEf9XjTQxbv3JWgKT.jpg"},{"id":60073,"gender":1,"name":"Brie Larson","character":"Mason Weaver","profilePath":"/nTABNG8Sw4EVN3xodn2JBdEmBqv.jpg"},{"id":1230,"gender":2,"name":"John Goodman","character":"Bill Randa","profilePath":"/eOIx8zj1vYIRhVY2bK5cjIQfua0.jpg"},{"id":4764,"gender":2,"name":"John C. Reilly","character":"Hank Marlow","profilePath":"/3LpfXon9xQZc1M2AFvfXyLeICbg.jpg"},{"id":1151657,"gender":1,"name":"Jing Tian","character":"San Lin","profilePath":"/kofshu6S97vdYoYbc7uOFBHiNaw.jpg"},{"id":20286,"gender":2,"name":"Toby Kebbell","character":"Maj. Jack Chapman","profilePath":"/wQU3uFk2TWjT2qfs2Z6rkdbWbjx.jpg"}]},"293660":{"id":293660,"title":"Deadpool","tagline":"Witness the beginning of a happy ending","overview":"Deadpool tells the origin story of former Special Forces operative turned mercenary Wade Wilson, who after being subjected to a rogue experiment that leaves him with accelerated healing powers, adopts the alter ego Deadpool. Armed with his new abilities and a dark, twisted sense of humor, Deadpool hunts down the man who nearly destroyed his life.","popularity":132.000336,"rating":7.5,"ratingCount":14932,"runtime":108,"releaseDate":"2016-02-09","revenue":783100000,"budget":58000000,"posterPath":"/inVq3FRqcYIRl2la8iZikYYxFNR.jpg","originalLanguage":"en","genres":[{"id":28,"name":"Action"},{"id":12,"name":"Adventure"},{"id":35,"name":"Comedy"}],"cast":[{"id":10859,"gender":2,"name":"Ryan Reynolds","character":"Wade Wilson / Deadpool","profilePath":"/h1co81QaT2nJA41Sb7eZwmWl1L2.jpg"},{"id":54882,"gender":1,"name":"Morena Baccarin","character":"Vanessa Carlysle","profilePath":"/dhdQT0fMRcbg8Gi9nx7JF0oVzzr.jpg"},{"id":1047649,"gender":2,"name":"Ed Skrein","character":"Francis Freeman / Ajax","profilePath":"/otPT5Ty6zy5jGBi3PQN6yC2FMel.jpg"},{"id":51990,"gender":2,"name":"T.J. Miller","character":"Jack \"Weasel\" Hammer","profilePath":"/wkm8YvulYwuB4pxEvOAlwv8AWdr.jpg"},{"id":78452,"gender":1,"name":"Gina Carano","character":"Christina / Angel Dust","profilePath":"/jAYNPdJYu35eoRdI25fYa5jtsbR.jpg"},{"id":122750,"gender":1,"name":"Leslie Uggams","character":"Blind Al","profilePath":"/peLaqLcs3y2WY4TbrLOXQGt9I8S.jpg"},{"id":1492326,"gender":1,"name":"Brianna Hildebrand","character":"Ellie Phimister / Negasonic Teenage Warhead","profilePath":"/fQ9XYd0c42WdHdcTjOihiNwrPre.jpg"}]},"294254":{"id":294254,"title":"Maze Runner: The Scorch Trials","tagline":"The Maze Was Just the Beginning.","overview":"Thomas and his fellow Gladers face their greatest challenge yet: searching for clues about the mysterious and powerful organization known as WCKD. Their journey takes them to the Scorch, a desolate landscape filled with unimaginable obstacles. Teaming up with resistance fighters, the Gladers take on WCKD’s vastly superior forces and uncover its shocking plans for them all.","popularity":33.18793,"rating":6.5,"ratingCount":4612,"runtime":132,"releaseDate":"2015-09-09","revenue":311256926,"budget":61000000,"posterPath":"/vlTPQANjLYTebzFJM1G4KeON0cb.jpg","originalLanguage":"en","genres":[{"id":28,"name":"Action"},{"id":878,"name":"Science Fiction"},{"id":53,"name":"Thriller"}],"cast":[{"id":527393,"gender":2,"name":"Dylan O'Brien","character":"Thomas","profilePath":"/gmU3f4aR6Bd8zkk6AiLm0dvWPaE.jpg"},{"id":115150,"gender":1,"name":"Kaya Scodelario","character":"Teresa Agnes","profilePath":"/iTrPnn7oS96k0iWPzNxaKCNutB6.jpg"},{"id":25663,"gender":2,"name":"Thomas Brodie-Sangster","character":"Newt","profilePath":"/cN47YiZhB6yOZwSNShgMPD8VwQ2.jpg"},{"id":4808,"gender":2,"name":"Giancarlo Esposito","character":"Jorge","profilePath":"/d39hOi5lTfqekjFK4JKKPeuGNdW.jpg"},{"id":49735,"gender":2,"name":"Aidan Gillen","character":"Janson","profilePath":"/w37z62Ex1kxqLTyI3SRySmiVsDB.jpg"},{"id":12834,"gender":2,"name":"Barry Pepper","character":"Vince","profilePath":"/xLVueyLs2MERkS9RxERa3VCn95s.jpg"},{"id":3127,"gender":1,"name":"Lili Taylor","character":"Mary Cooper","profilePath":"/bxN9RnjioUhA18QYqtipj073NtL.jpg"}]},"297762":{"id":297762,"title":"Wonder Woman","tagline":"Power. Grace. Wisdom. Wonder.","overview":"An Amazon princess comes to the world of Man in the grips of the First World War to confront the forces of evil and bring an end to human conflict.","popularity":88.073783,"rating":7.2,"ratingCount":8699,"runtime":141,"releaseDate":"2017-05-30","revenue":821847012,"budget":149000000,"posterPath":"/imekS7f1OuHyUP2LAiTEM0zBzUz.jpg","originalLanguage":"en","genres":[{"id":28,"name":"Action"},{"id":12,"name":"Adventure"},{"id":14,"name":"Fantasy"},{"id":10752,"name":"War"},{"id":878,"name":"Science Fiction"}],"cast":[{"id":90633,"gender":1,"name":"Gal Gadot","character":"Diana Prince / Wonder Woman","profilePath":"/yV2nljqQa3MjrrIK4AllDjmJIcs.jpg"},{"id":62064,"gender":2,"name":"Chris Pine","character":"Steve Trevor","profilePath":"/vSe6sIsdtcoqBhuWRXynahFg8Vf.jpg"},{"id":935,"gender":1,"name":"Connie Nielsen","character":"Hippolyta","profilePath":"/lvQypTfeH2Gn2PTbzq6XkT2PLmn.jpg"},{"id":32,"gender":1,"name":"Robin Wright","character":"Antiope","profilePath":"/tXfQTgcIEPP7gtVdJ44ZxZPhacn.jpg"},{"id":6413,"gender":2,"name":"Danny Huston","character":"Erich Ludendorff","profilePath":"/jc1eGtCShQ2ZkzqWApiWbA1lbTF.jpg"},{"id":11207,"gender":2,"name":"David Thewlis","character":"Sir Patrick Morgan / Ares","profilePath":"/lWCGcTKvr4QUi8MvFBleMw8xY8.jpg"},{"id":5419,"gender":0,"name":"Saïd Taghmaoui","character":"Sameer","profilePath":"/bOh3ZQ64WiGivN6GJrrO8vrw9wU.jpg"}]},"298250":{"id":298250,"title":"Jigsaw","tagline":"A New Game Begins.","overview":"Dead bodies begin to turn up all over the city, each meeting their demise in a variety of grisly ways. All investigations begin to point the finger at deceased killer John Kramer.","popularity":26.101628,"rating":6,"ratingCount":1115,"runtime":92,"releaseDate":"2017-10-25","revenue":102952888,"budget":10000000,"posterPath":"/gvBVIlcMaeWKhGjgGjlShiL4w4r.jpg","originalLanguage":"en","genres":[{"id":80,"name":"Crime"},{"id":27,"name":"Horror"},{"id":9648,"name":"Mystery"},{"id":53,"name":"Thriller"}],"cast":[{"id":1228915,"gender":2,"name":"Matt Passmore","character":"Logan Nelson","profilePath":"/qroRCZWxamBc9w969CpO4rmscyJ.jpg"},{"id":2144,"gender":2,"name":"Tobin Bell","character":"John Kramer / Jigsaw","profilePath":"/vbu4iHKY46zJ6K8B5jGJxB1ffp4.jpg"},{"id":540,"gender":2,"name":"Callum Keith Rennie","character":"Detective Halloran","profilePath":"/80DeOyHJPv44RUYW7tpEpINv7sX.jpg"},{"id":1685904,"gender":1,"name":"Hannah Anderson","character":"Eleanor Bonneville","profilePath":"/fSyNGF4pZQj9Ne9IKv9kfimECzk.jpg"},{"id":43286,"gender":1,"name":"Laura Vandervoort","character":"Anna","profilePath":"/xGoTo41oVyCoQLkhBMyTfzu7PSs.jpg"},{"id":948533,"gender":2,"name":"Paul Braunstein","character":"Ryan","profilePath":"/5OE8YbYojlMd4yquOpsM7T7xl2l.jpg"},{"id":1001736,"gender":2,"name":"Mandela Van Peebles","character":"Mitch","profilePath":null}]},"299534":{"id":299534,"title":"Untitled Avengers Movie","tagline":"","overview":"The culmination of the Marvel Cinematic Universe.","popularity":37.14395,"rating":0,"ratingCount":9,"runtime":null,"releaseDate":"2019-04-24","revenue":0,"budget":0,"posterPath":"/guViKKIY0D5UlfQcHnusB8zrJqc.jpg","originalLanguage":"en","genres":[{"id":28,"name":"Action"},{"id":12,"name":"Adventure"},{"id":878,"name":"Science Fiction"}],"cast":[{"id":16851,"gender":2,"name":"Josh Brolin","character":"Thanos","profilePath":"/x8KKnvHyPvH16M6waAnY1OeCtA8.jpg"},{"id":60073,"gender":1,"name":"Brie Larson","character":"Carol Danvers / Captain Marvel","profilePath":"/nTABNG8Sw4EVN3xodn2JBdEmBqv.jpg"},{"id":3223,"gender":2,"name":"Robert Downey Jr.","character":"Tony Stark / Iron Man","profilePath":"/1YjdSym1jTG7xjHSI0yGGWEsw5i.jpg"},{"id":103,"gender":2,"name":"Mark Ruffalo","character":"Bruce Banner / The Hulk","profilePath":"/isQ747u0MU8U9gdsNlPngjABclH.jpg"},{"id":74568,"gender":2,"name":"Chris Hemsworth","character":"Thor Odinson","profilePath":"/lrhth7yK9p3vy6p7AabDUM1THKl.jpg"},{"id":71580,"gender":2,"name":"Benedict Cumberbatch","character":"Stephen Strange / Doctor Strange","profilePath":"/wz3MRiMmoz6b5X3oSzMRC9nLxY1.jpg"},{"id":16828,"gender":2,"name":"Chris Evans","character":"Steve Rogers / Captain America","profilePath":"/kRlx7PxXkom7Daj8Z2HmcbPQB1o.jpg"}]},"299536":{"id":299536,"title":"Avengers: Infinity War","tagline":"An entire universe. Once and for all.","overview":"As the Avengers and their allies have continued to protect the world from threats too large for any one hero to handle, a new danger has emerged from the cosmic shadows: Thanos. A despot of intergalactic infamy, his goal is to collect all six Infinity Stones, artifacts of unimaginable power, and use them to inflict his twisted will on all of reality. Everything the Avengers have fought for has led up to this moment - the fate of Earth and existence itself has never been more uncertain.","popularity":576.421593,"rating":8.5,"ratingCount":3772,"runtime":149,"releaseDate":"2018-04-25","revenue":1699419365,"budget":300000000,"posterPath":"/7WsyChQLEftFiDOVTGkv3hFpyyt.jpg","originalLanguage":"en","genres":[{"id":12,"name":"Adventure"},{"id":878,"name":"Science Fiction"},{"id":14,"name":"Fantasy"},{"id":28,"name":"Action"}],"cast":[{"id":16851,"gender":2,"name":"Josh Brolin","character":"Thanos","profilePath":"/x8KKnvHyPvH16M6waAnY1OeCtA8.jpg"},{"id":3223,"gender":2,"name":"Robert Downey Jr.","character":"Tony Stark / Iron Man","profilePath":"/1YjdSym1jTG7xjHSI0yGGWEsw5i.jpg"},{"id":74568,"gender":2,"name":"Chris Hemsworth","character":"Thor","profilePath":"/lrhth7yK9p3vy6p7AabDUM1THKl.jpg"},{"id":103,"gender":2,"name":"Mark Ruffalo","character":"Bruce Banner / Hulk","profilePath":"/isQ747u0MU8U9gdsNlPngjABclH.jpg"},{"id":71580,"gender":2,"name":"Benedict Cumberbatch","character":"Stephen Strange","profilePath":"/wz3MRiMmoz6b5X3oSzMRC9nLxY1.jpg"},{"id":16828,"gender":2,"name":"Chris Evans","character":"Steve Rogers / Captain America","profilePath":"/kRlx7PxXkom7Daj8Z2HmcbPQB1o.jpg"},{"id":1245,"gender":1,"name":"Scarlett Johansson","character":"Natasha Romanoff / Black Widow","profilePath":"/oqvusJfmH4zN2LgdCjmB2TxetOd.jpg"}]},"300668":{"id":300668,"title":"Annihilation","tagline":"Fear what's inside.","overview":"A biologist signs up for a dangerous, secret expedition into a mysterious zone where the laws of nature don't apply.","popularity":71.942262,"rating":6.3,"ratingCount":1844,"runtime":115,"releaseDate":"2018-02-22","revenue":41782301,"budget":40000000,"posterPath":"/d3qcpfNwbAMCNqWDHzPQsUYiUgS.jpg","originalLanguage":"en","genres":[{"id":9648,"name":"Mystery"},{"id":878,"name":"Science Fiction"},{"id":18,"name":"Drama"},{"id":12,"name":"Adventure"},{"id":14,"name":"Fantasy"},{"id":27,"name":"Horror"},{"id":53,"name":"Thriller"}],"cast":[{"id":524,"gender":1,"name":"Natalie Portman","character":"Lena","profilePath":"/rtLTG4yrEcROXhTBGXMrbyiUEC5.jpg"},{"id":10431,"gender":1,"name":"Jennifer Jason Leigh","character":"Dr. Ventress","profilePath":"/3OlL9li7qmfXQYEtmpOm34V1huY.jpg"},{"id":62561,"gender":1,"name":"Tessa Thompson","character":"Josie Radek","profilePath":"/fycqdiiM6dsNSbnONBVVQ57ILV1.jpg"},{"id":180486,"gender":1,"name":"Gina Rodriguez","character":"Anya Thorensen","profilePath":"/s1m3BmHGRaWQN5QJyZHHgdjqCQP.jpg"},{"id":25072,"gender":2,"name":"Oscar Isaac","character":"Kane","profilePath":"/cY6ail3ebXDx9FCoZMgVGAbmBus.jpg"},{"id":67737,"gender":1,"name":"Tuva Novotny","character":"Cass Sheppard","profilePath":"/fEgmGbhrZe85Obef5uPgMEsGZkv.jpg"},{"id":30082,"gender":2,"name":"Benedict Wong","character":"Lomax","profilePath":"/iBzJ8s7GqgtRfGH3q0Ep5OKnaGf.jpg"}]},"301337":{"id":301337,"title":"Downsizing","tagline":"We are meant for something bigger.","overview":"A kindly occupational therapist undergoes a new procedure to be shrunken to four inches tall so that he and his wife can help save the planet and afford a nice lifestyle at the same time.","popularity":23.641753,"rating":5.1,"ratingCount":987,"runtime":135,"releaseDate":"2017-12-22","revenue":55003890,"budget":68000000,"posterPath":"/uLlmtN33rMuimRq6bu0OoNzCGGs.jpg","originalLanguage":"en","genres":[{"id":35,"name":"Comedy"},{"id":18,"name":"Drama"},{"id":878,"name":"Science Fiction"}],"cast":[{"id":1892,"gender":2,"name":"Matt Damon","character":"Paul Safranek","profilePath":"/elSlNgV8xVifsbHpFsqrPGxJToZ.jpg"},{"id":27319,"gender":2,"name":"Christoph Waltz","character":"Dusan Mirkovic","profilePath":"/2Hhztd4mUEV9Y25rfkXDwzL9QI9.jpg"},{"id":1360317,"gender":1,"name":"Hong Chau","character":"Ngoc Lan Tran","profilePath":"/Bf2hoLVNcwLxb6LGeSlWaEJmHB.jpg"},{"id":41091,"gender":1,"name":"Kristen Wiig","character":"Audrey Safranek","profilePath":"/iqRX3PDxA33zFhSfKTo5BE593G4.jpg"},{"id":32684,"gender":2,"name":"Rolf Lassgård","character":"Dr. Jorgen Asbjørnsen","profilePath":"/pOcnyMAVwERmoGwljOPSMcZtCMF.jpg"},{"id":1646,"gender":2,"name":"Udo Kier","character":"Joris Konrad","profilePath":"/oWlpxMncanN9MmO8etmU3LldKt3.jpg"},{"id":1069764,"gender":1,"name":"Ingjerd Egeberg","character":"Anne-Helene Asbjørnsen","profilePath":"/X6L6EiSjYAC35n73aPgG59UNsz.jpg"}]},"305470":{"id":305470,"title":"Power Rangers","tagline":"Together we are more","overview":"Saban's Power Rangers follows five ordinary teens who must become something extraordinary when they learn that their small town of Angel Grove — and the world — is on the verge of being obliterated by an alien threat. Chosen by destiny, our heroes quickly discover they are the only ones who can save the planet. But to do so, they will have to overcome their real-life issues and before it’s too late, band together as the Power Rangers.","popularity":23.199773,"rating":6.3,"ratingCount":1950,"runtime":124,"releaseDate":"2017-03-23","revenue":142337240,"budget":100000000,"posterPath":"/iRAZIEgfB9N0BObV0QI61Nxh92h.jpg","originalLanguage":"en","genres":[{"id":28,"name":"Action"},{"id":12,"name":"Adventure"},{"id":878,"name":"Science Fiction"}],"cast":[{"id":1525047,"gender":2,"name":"Dacre Montgomery","character":"Jason Lee Scott / The Red Ranger","profilePath":"/38jnyqD2HCQVs4zNHktxA2Ko8KN.jpg"},{"id":240724,"gender":1,"name":"Naomi Scott","character":"Kimberly Hart / The Pink Ranger","profilePath":"/d140yTWCle6rYUGE9GIVZVPaPng.jpg"},{"id":1394670,"gender":2,"name":"RJ Cyler","character":"Billy Cranston / The Blue Ranger","profilePath":"/9baPsx4DJn2vy7AOfcfEe6IH5JN.jpg"},{"id":1529446,"gender":1,"name":"Becky G","character":"Trini / The Yellow Ranger","profilePath":"/tYk0MfTPfen634I0tDNuImdPi43.jpg"},{"id":1525689,"gender":2,"name":"Ludi Lin","character":"Zack Taylor / The Black Ranger","profilePath":"/pDEmMniHy9DHTlAG9eBC1XBoTaM.jpg"},{"id":19278,"gender":2,"name":"Bill Hader","character":"Alpha 5 (voice)","profilePath":"/3Z5JsyLw7YTLZgpA3FAlLmFSN9F.jpg"},{"id":17419,"gender":2,"name":"Bryan Cranston","character":"Zordon","profilePath":"/9dvZ0Id5RtnCGianoayNJBFrNVU.jpg"}]},"311324":{"id":311324,"title":"The Great Wall","tagline":"1700 years to build. 5500 miles long. What were they trying to keep out?","overview":"European mercenaries searching for black powder become embroiled in the defense of the Great Wall of China against a horde of monstrous creatures.","popularity":22.902079,"rating":5.8,"ratingCount":1997,"runtime":103,"releaseDate":"2016-12-16","revenue":331957105,"budget":150000000,"posterPath":"/p70dq1YxabemdZDm5K6Q8G10wSn.jpg","originalLanguage":"en","genres":[{"id":28,"name":"Action"},{"id":12,"name":"Adventure"},{"id":14,"name":"Fantasy"}],"cast":[{"id":1892,"gender":2,"name":"Matt Damon","character":"William Garin","profilePath":"/elSlNgV8xVifsbHpFsqrPGxJToZ.jpg"},{"id":1151657,"gender":1,"name":"Jing Tian","character":"General Lin Mei","profilePath":"/kofshu6S97vdYoYbc7uOFBHiNaw.jpg"},{"id":5293,"gender":2,"name":"Willem Dafoe","character":"Ballard","profilePath":"/7t8fhfaFBoS9VOo3OPXCfK516eI.jpg"},{"id":25246,"gender":2,"name":"Andy Lau","character":"Wang Junshi","profilePath":"/mrGR5igHcVWdUP1X8yIt1qBMX1L.jpg"},{"id":1253360,"gender":2,"name":"Pedro Pascal","character":"Pero Tovar","profilePath":"/8HP2vzmDR4Q9tmciUwFmzQJoJzP.jpg"},{"id":99687,"gender":2,"name":"Zhang Hanyu","character":"General Shao","profilePath":"/90wvD7Xim2nwwMOX0O4mQtf536z.jpg"},{"id":1382332,"gender":2,"name":"Lu Han","character":"Peng Yong","profilePath":"/vXoGDLg8i9fro5v5AyK079EbeYP.jpg"}]},"315635":{"id":315635,"title":"Spider-Man: Homecoming","tagline":"Homework can wait. The city can't.","overview":"Following the events of Captain America: Civil War, Peter Parker, with the help of his mentor Tony Stark, tries to balance his life as an ordinary high school student in Queens, New York City, with fighting crime as his superhero alter ego Spider-Man as a new threat, the Vulture, emerges.","popularity":57.630406,"rating":7.3,"ratingCount":7436,"runtime":133,"releaseDate":"2017-07-05","revenue":880166924,"budget":175000000,"posterPath":"/c24sv2weTHPsmDa7jEMN0m2P3RT.jpg","originalLanguage":"en","genres":[{"id":28,"name":"Action"},{"id":12,"name":"Adventure"},{"id":35,"name":"Comedy"},{"id":878,"name":"Science Fiction"},{"id":18,"name":"Drama"}],"cast":[{"id":1136406,"gender":2,"name":"Tom Holland","character":"Peter Parker / Spider-Man","profilePath":"/dO9FYcPPShhiYQ9D50Takd2W8xo.jpg"},{"id":2232,"gender":2,"name":"Michael Keaton","character":"Adrian Toomes / The Vulture","profilePath":"/myVdrYNGTgqunLfUSaM8DuVD7DL.jpg"},{"id":3223,"gender":2,"name":"Robert Downey Jr.","character":"Tony Stark / Iron Man","profilePath":"/1YjdSym1jTG7xjHSI0yGGWEsw5i.jpg"},{"id":3141,"gender":1,"name":"Marisa Tomei","character":"May Parker","profilePath":"/l87UKhZ1ethWmn8lksmLZ2LcQJ1.jpg"},{"id":15277,"gender":2,"name":"Jon Favreau","character":"Harold \"Happy\" Hogan","profilePath":"/sJSGJwGa3hjMlJNUCxF7wQwo7fb.jpg"},{"id":505710,"gender":1,"name":"Zendaya","character":"Michelle \"MJ\" Jones","profilePath":"/6WPolY7Wd3GMiuN1dPxYZX7liik.jpg"},{"id":1649152,"gender":2,"name":"Jacob Batalon","character":"Ned Leeds","profilePath":"/ka49JItS3al6FANw02jQ20Jtv7M.jpg"}]},"315837":{"id":315837,"title":"Ghost in the Shell","tagline":"There's nothing sadder than a puppet without a ghost.","overview":"In the near future, Major is the first of her kind: a human saved from a terrible crash, then cyber-enhanced to be a perfect soldier devoted to stopping the world's most dangerous criminals.","popularity":25.756731,"rating":5.9,"ratingCount":3846,"runtime":107,"releaseDate":"2017-03-29","revenue":169801921,"budget":110000000,"posterPath":"/myRzRzCxdfUWjkJWgpHHZ1oGkJd.jpg","originalLanguage":"en","genres":[{"id":28,"name":"Action"},{"id":878,"name":"Science Fiction"},{"id":53,"name":"Thriller"},{"id":18,"name":"Drama"}],"cast":[{"id":1245,"gender":1,"name":"Scarlett Johansson","character":"Major Mira Killian / Motoko Kusanagi","profilePath":"/oqvusJfmH4zN2LgdCjmB2TxetOd.jpg"},{"id":10692,"gender":2,"name":"Michael Pitt","character":"Kuze / Hideo","profilePath":"/e0UbPlJX4zC205Dfvi7w4ubGR5.jpg"},{"id":90060,"gender":2,"name":"Pilou Asbæk","character":"Batou","profilePath":"/r0Z1eqyYcJYGy0x9MqgIKDHUrHG.jpg"},{"id":101015,"gender":2,"name":"Chin Han","character":"Togusa","profilePath":"/xvMCVDvrQ2WlAB2LmkG6HAzlYag.jpg"},{"id":1137,"gender":1,"name":"Juliette Binoche","character":"Dr. Ouélet","profilePath":"/rkW6eE75Tt1i3J1s2fsIDZBW0kd.jpg"},{"id":3317,"gender":2,"name":"Takeshi Kitano","character":"Chief Daisuke Aramaki","profilePath":"/xkXZ7HC8uyhu5MtNnbdP8mhdiFN.jpg"},{"id":109833,"gender":2,"name":"Peter Ferdinando","character":"Cutter","profilePath":"/eSxMkW04VuOkQqxG2HIPw0FMJKe.jpg"}]},"316029":{"id":316029,"title":"The Greatest Showman","tagline":"The Impossible Comes True","overview":"The story of American showman P.T. Barnum, founder of the circus that became the famous traveling Ringling Bros. and Barnum & Bailey Circus.","popularity":45.003361,"rating":8,"ratingCount":2274,"runtime":105,"releaseDate":"2017-12-20","revenue":432844677,"budget":84000000,"posterPath":"/b9CeobiihCx1uG1tpw8hXmpi7nm.jpg","originalLanguage":"en","genres":[{"id":18,"name":"Drama"},{"id":10402,"name":"Music"}],"cast":[{"id":6968,"gender":2,"name":"Hugh Jackman","character":"P.T. Barnum","profilePath":"/dFbNlPpiEPupTAlNVNh5vrxBU1h.jpg"},{"id":1812,"gender":1,"name":"Michelle Williams","character":"Charity Barnum","profilePath":"/sXTP6wlqIDz1tDGLU3DFbklSTpq.jpg"},{"id":29222,"gender":2,"name":"Zac Efron","character":"Phillip Carlyle","profilePath":"/l0nzNkwTTT4a7QDC3HzYQSYsyXY.jpg"},{"id":505710,"gender":1,"name":"Zendaya","character":"Anne Wheeler","profilePath":"/6WPolY7Wd3GMiuN1dPxYZX7liik.jpg"},{"id":933238,"gender":1,"name":"Rebecca Ferguson","character":"Jenny Lind","profilePath":"/5i3268fkFMTvUcqlQ9gycMwTfeU.jpg"},{"id":1716724,"gender":1,"name":"Keala Settle","character":"Lettie Lutz","profilePath":"/mqfiGACwBoLSQkOgRMQCxutQpVo.jpg"},{"id":1639847,"gender":0,"name":"Yahya Abdul-Mateen II","character":"W. D. Wheeler","profilePath":"/lhKObAfoVDU6as0FCgm6y2AAeCO.jpg"}]},"320288":{"id":320288,"title":"X-Men: Dark Phoenix","tagline":"","overview":"Gathered together by Professor Charles Xavier to protect a world that fears and hates them, the X-Men had fought many battles, been on adventures that spanned galaxies, grappled enemies of limitless might, but none of this could prepare them for the most shocking struggle they would ever face. One of their own members, Jean Grey, has gained power beyond all comprehension, and that power has corrupted her absolutely! Now, they must decide if the life of the woman they cherish is worth the existence of the entire universe!","popularity":40.062278,"rating":0,"ratingCount":0,"runtime":null,"releaseDate":"2019-02-05","revenue":0,"budget":0,"posterPath":"/6qmsupE0opYPIaBGe7T5D2FBzLs.jpg","originalLanguage":"en","genres":[{"id":28,"name":"Action"},{"id":878,"name":"Science Fiction"}],"cast":[{"id":1001657,"gender":1,"name":"Sophie Turner","character":"Jean Grey / Dark Phoenix","profilePath":"/ed4ajSYdv49j9OF7yMeG8Hznrrt.jpg"},{"id":5530,"gender":2,"name":"James McAvoy","character":"Charles Xavier / Professor X","profilePath":"/cHHDjnhvgeT4TNEovAZCeYNz6Nc.jpg"},{"id":17288,"gender":2,"name":"Michael Fassbender","character":"Erik Lensherr / Magneto","profilePath":"/hvtyvcLd3hqRiYECH0bP9IJXCX2.jpg"},{"id":83002,"gender":1,"name":"Jessica Chastain","character":"","profilePath":"/nkFrkn5NZVGWb4b2X0yIcXezhyt.jpg"},{"id":72129,"gender":1,"name":"Jennifer Lawrence","character":"Raven Darkholme / Mystique","profilePath":"/naZyy9IqAQDaAbr1kYShLdg6aPR.jpg"},{"id":3292,"gender":2,"name":"Nicholas Hoult","character":"Hank McCoy / Beast","profilePath":"/27NbnWKzco1CCDHtR2AVVab8Dli.jpg"},{"id":55089,"gender":2,"name":"Evan Peters","character":"Peter Maximoff / Quicksilver","profilePath":"/2a1XA1ynmbZZj2nauwsc03OzRB.jpg"}]},"321612":{"id":321612,"title":"Beauty and the Beast","tagline":"Be our guest.","overview":"A live-action adaptation of Disney's version of the classic tale of a cursed prince and a beautiful young woman who helps him break the spell.","popularity":93.583957,"rating":6.8,"ratingCount":8260,"runtime":129,"releaseDate":"2017-03-16","revenue":1263521126,"budget":160000000,"posterPath":"/tWqifoYuwLETmmasnGHO7xBjEtt.jpg","originalLanguage":"en","genres":[{"id":10751,"name":"Family"},{"id":14,"name":"Fantasy"},{"id":10749,"name":"Romance"}],"cast":[{"id":10990,"gender":1,"name":"Emma Watson","character":"Belle","profilePath":"/s77hUycSJ4x8RJWHDC9WPgotgxE.jpg"},{"id":221018,"gender":2,"name":"Dan Stevens","character":"Beast","profilePath":"/jNiY649MK85UFMosJIDxJ9HgIsC.jpg"},{"id":114019,"gender":2,"name":"Luke Evans","character":"Gaston","profilePath":"/1d31uDYub8TaLOPWfgX78OotduD.jpg"},{"id":8945,"gender":2,"name":"Kevin Kline","character":"Maurice","profilePath":"/u9QXn3fL7zCC2c6HA2vFgH1JxZg.jpg"},{"id":54415,"gender":2,"name":"Josh Gad","character":"LeFou","profilePath":"/6ctni3kK4lPteBAInd7kKZyCdZD.jpg"},{"id":3061,"gender":2,"name":"Ewan McGregor","character":"Lumière","profilePath":"/aEmyadfRXTmmR7UW7OXsm5a6smS.jpg"},{"id":2283,"gender":2,"name":"Stanley Tucci","character":"Maestro Cadenza","profilePath":"/omGlTJF2IW5r3L3c5y0qkCt3hFr.jpg"}]},"324552":{"id":324552,"title":"John Wick: Chapter 2","tagline":"Never stab the devil in the back","overview":"John Wick is forced out of retirement by a former associate looking to seize control of a shadowy international assassins’ guild. Bound by a blood oath to aid him, Wick travels to Rome and does battle against some of the world’s most dangerous killers.","popularity":27.412755,"rating":6.8,"ratingCount":4090,"runtime":122,"releaseDate":"2017-02-08","revenue":171539887,"budget":40000000,"posterPath":"/zkXnKIwX5pYorKJp2fjFSfNyKT0.jpg","originalLanguage":"en","genres":[{"id":53,"name":"Thriller"},{"id":28,"name":"Action"},{"id":80,"name":"Crime"}],"cast":[{"id":6384,"gender":2,"name":"Keanu Reeves","character":"John Wick","profilePath":"/bOlYWhVuOiU6azC4Bw6zlXZ5QTC.jpg"},{"id":4238,"gender":2,"name":"Common","character":"Cassian","profilePath":"/fYA8xm95u4papXddRvQrGRNDThF.jpg"},{"id":2975,"gender":2,"name":"Laurence Fishburne","character":"The Bowler King","profilePath":"/8suOhUmPbfKqDQ17jQ1Gy0mI3P4.jpg"},{"id":59270,"gender":2,"name":"Riccardo Scamarcio","character":"Santino D'Antonio","profilePath":"/zWGhuQtWgEL5WPfBCbCxqV2rTCG.jpg"},{"id":5723,"gender":2,"name":"John Leguizamo","character":"Aurelio","profilePath":"/rbq24AzthnwRXUYcVfUnP5bKN50.jpg"},{"id":6972,"gender":2,"name":"Ian McShane","character":"Winston","profilePath":"/pY9ud4BJwHekNiO4MMItPbgkdAy.jpg"},{"id":1246972,"gender":1,"name":"Ruby Rose","character":"Ares","profilePath":"/yH11h8nvhtzyiLGfg9exJdAqhVr.jpg"}]},"324668":{"id":324668,"title":"Jason Bourne","tagline":"You know his name","overview":"The most dangerous former operative of the CIA is drawn out of hiding to uncover hidden truths about his past.","popularity":23.363014,"rating":6,"ratingCount":2880,"runtime":123,"releaseDate":"2016-07-27","revenue":415484914,"budget":120000000,"posterPath":"/lFSSLTlFozwpaGlO31OoUeirBgQ.jpg","originalLanguage":"en","genres":[{"id":28,"name":"Action"},{"id":53,"name":"Thriller"}],"cast":[{"id":1892,"gender":2,"name":"Matt Damon","character":"Jason Bourne","profilePath":"/elSlNgV8xVifsbHpFsqrPGxJToZ.jpg"},{"id":227454,"gender":1,"name":"Alicia Vikander","character":"Heather Lee","profilePath":"/4zrfXLhi4MbGQWUJQJcQroHbCS5.jpg"},{"id":2176,"gender":2,"name":"Tommy Lee Jones","character":"Robert Dewey","profilePath":"/gRXugLFvr1oHZ6alLUxmYDq8cgW.jpg"},{"id":1925,"gender":2,"name":"Vincent Cassel","character":"Asset","profilePath":"/yTTyX7xziiMibm0nzcH5z6xxLLv.jpg"},{"id":12041,"gender":1,"name":"Julia Stiles","character":"Nicky Parsons","profilePath":"/qkCdQIHFDmbxCjp4F1x32qvaXeu.jpg"},{"id":53240,"gender":2,"name":"Riz Ahmed","character":"Aaron Kalloor","profilePath":"/yWjuIP634unLBCB4XjSgmJs5QGC.jpg"},{"id":5377,"gender":2,"name":"Ato Essandoh","character":"Craig Jeffers","profilePath":"/boyZ5MkcayaIYoC8s8zh1KEArz7.jpg"}]},"329865":{"id":329865,"title":"Arrival","tagline":"Why are they here?","overview":"Taking place after alien crafts land around the world, an expert linguist is recruited by the military to determine whether they come in peace or are a threat.","popularity":26.746638,"rating":7.3,"ratingCount":7692,"runtime":116,"releaseDate":"2016-11-10","revenue":203388186,"budget":47000000,"posterPath":"/hLudzvGfpi6JlwUnsNhXwKKg4j.jpg","originalLanguage":"en","genres":[{"id":53,"name":"Thriller"},{"id":18,"name":"Drama"},{"id":878,"name":"Science Fiction"},{"id":9648,"name":"Mystery"}],"cast":[{"id":9273,"gender":1,"name":"Amy Adams","character":"Dr. Louise Banks","profilePath":"/chjMOiuydU9frF95qcUhlC6fWG3.jpg"},{"id":17604,"gender":2,"name":"Jeremy Renner","character":"Ian Donnelly","profilePath":"/l6CxIOFCjF65298teEJd5mCnPDO.jpg"},{"id":2178,"gender":2,"name":"Forest Whitaker","character":"Colonel Weber","profilePath":"/4pMQkelS5lK661m9Kz3oIxLYiyS.jpg"},{"id":72873,"gender":2,"name":"Michael Stuhlbarg","character":"Agent Halpern","profilePath":"/seBk12MUK51aUoYX4OW1itfOpJ6.jpg"},{"id":21629,"gender":2,"name":"Tzi Ma","character":"General Shang","profilePath":"/zlaSI3VFHl1KsnrFWdwfrTCNgAo.jpg"},{"id":225411,"gender":2,"name":"Mark O'Brien","character":"Captain Marks","profilePath":"/7tET8iVIFyXFfluv4OWWFDUm2wW.jpg"},{"id":1522166,"gender":1,"name":"Julia Scarlett Dan","character":"Hannah (12 yrs. old)","profilePath":"/uf3lIExRSX8k2GlmhAGIE2JLtpX.jpg"}]},"330459":{"id":330459,"title":"Rogue One: A Star Wars Story","tagline":"A Rebellion Built on Hope","overview":"A rogue band of resistance fighters unite for a mission to steal the Death Star plans and bring a new hope to the galaxy.","popularity":24.926018,"rating":7.5,"ratingCount":7206,"runtime":133,"releaseDate":"2016-12-14","revenue":1056057273,"budget":200000000,"posterPath":"/qjiskwlV1qQzRCjpV0cL9pEMF9a.jpg","originalLanguage":"en","genres":[{"id":28,"name":"Action"},{"id":12,"name":"Adventure"},{"id":878,"name":"Science Fiction"}],"cast":[{"id":72855,"gender":1,"name":"Felicity Jones","character":"Jyn Erso","profilePath":"/ywXf5fLAYLlwK5JRn6UrMMsBnwb.jpg"},{"id":8688,"gender":2,"name":"Diego Luna","character":"Captain Cassian Andor","profilePath":"/uH8sMbiMmy9sprKr1vJpoPBB40E.jpg"},{"id":77335,"gender":2,"name":"Ben Mendelsohn","character":"Director Orson Krennic","profilePath":"/7wuqoqwDOMi6k1Y4zNzGPPsiQKy.jpg"},{"id":1341,"gender":2,"name":"Donnie Yen","character":"Chirrut Imwe","profilePath":"/vlKBbOc0htUsDGvcxeULcFXDMRo.jpg"},{"id":1019,"gender":2,"name":"Mads Mikkelsen","character":"Galen Erso","profilePath":"/8F1dY2rjZ1YDEKH0imDs21xdTDX.jpg"},{"id":21088,"gender":2,"name":"Alan Tudyk","character":"K-2SO","profilePath":"/6QuMtbD8kmhpwWhFKfNzEvHRLOu.jpg"},{"id":53240,"gender":2,"name":"Riz Ahmed","character":"Bodhi Rook","profilePath":"/yWjuIP634unLBCB4XjSgmJs5QGC.jpg"}]},"333339":{"id":333339,"title":"Ready Player One","tagline":"A better reality awaits.","overview":"When the creator of a popular video game system dies, a virtual contest is created to compete for his fortune.","popularity":81.663332,"rating":7.8,"ratingCount":1984,"runtime":140,"releaseDate":"2018-03-28","revenue":573975512,"budget":175000000,"posterPath":"/pU1ULUq8D3iRxl1fdX2lZIzdHuI.jpg","originalLanguage":"en","genres":[{"id":12,"name":"Adventure"},{"id":878,"name":"Science Fiction"},{"id":28,"name":"Action"}],"cast":[{"id":1034681,"gender":2,"name":"Tye Sheridan","character":"Wade Watts / Parzival","profilePath":"/rN0Mpup6nBTW5AIHl2jvLbsGMF9.jpg"},{"id":1173984,"gender":1,"name":"Olivia Cooke","character":"Samantha Cook / Art3mis","profilePath":"/6znUjdqZ2tOeHFJ4jVnVXkIMLXs.jpg"},{"id":1059572,"gender":1,"name":"Lena Waithe","character":"Helen Harris / Aech","profilePath":"/iPimiB0JNvoBIqSSnxOFymOX4RN.jpg"},{"id":77335,"gender":2,"name":"Ben Mendelsohn","character":"Nolan Sorrento","profilePath":"/7wuqoqwDOMi6k1Y4zNzGPPsiQKy.jpg"},{"id":51990,"gender":2,"name":"T.J. Miller","character":"i-R0k (voice)","profilePath":"/wkm8YvulYwuB4pxEvOAlwv8AWdr.jpg"},{"id":11108,"gender":2,"name":"Simon Pegg","character":"Ogden Morrow","profilePath":"/23e2uoNlpDvLumNic16fS2YjZjL.jpg"},{"id":40900,"gender":2,"name":"Mark Rylance","character":"James Halliday / Anorak","profilePath":"/5XrQYvdYqiGUepbgmRQfOltgBRJ.jpg"}]},"335984":{"id":335984,"title":"Blade Runner 2049","tagline":"There's still a page left.","overview":"Thirty years after the events of the first film, a new blade runner, LAPD Officer K, unearths a long-buried secret that has the potential to plunge what's left of society into chaos. K's discovery leads him on a quest to find Rick Deckard, a former LAPD blade runner who has been missing for 30 years.","popularity":52.285264,"rating":7.3,"ratingCount":4342,"runtime":163,"releaseDate":"2017-10-04","revenue":259239658,"budget":150000000,"posterPath":"/gajva2L0rPYkEWjzgFlBXCAVBE5.jpg","originalLanguage":"en","genres":[{"id":9648,"name":"Mystery"},{"id":878,"name":"Science Fiction"},{"id":53,"name":"Thriller"}],"cast":[{"id":30614,"gender":2,"name":"Ryan Gosling","character":"K","profilePath":"/4X1wJo5xHm3YICPWZqVCPgLBEJ7.jpg"},{"id":3,"gender":2,"name":"Harrison Ford","character":"Rick Deckard","profilePath":"/7LOTdRfHU1H1qHBxpUv3jT04eWB.jpg"},{"id":224513,"gender":1,"name":"Ana de Armas","character":"Joi","profilePath":"/8F6ziFZaK71L3rFeDIc4aAkPZPv.jpg"},{"id":32,"gender":1,"name":"Robin Wright","character":"Lt. Joshi","profilePath":"/tXfQTgcIEPP7gtVdJ44ZxZPhacn.jpg"},{"id":7499,"gender":2,"name":"Jared Leto","character":"Niander Wallace","profilePath":"/8qBnLfC6O360rnXSyVYniWYUxhx.jpg"},{"id":104632,"gender":1,"name":"Sylvia Hoeks","character":"Luv","profilePath":"/huzjezIwcBePLkKvd1mOKghhF94.jpg"},{"id":1110405,"gender":1,"name":"Mackenzie Davis","character":"Mariette","profilePath":"/8DuT6iwIxwEPZL8UqxnUQnUH3Bf.jpg"}]},"335988":{"id":335988,"title":"Transformers: The Last Knight","tagline":"For one world to live, the other must die.","overview":"Autobots and Decepticons are at war, with humans on the sidelines. Optimus Prime is gone. The key to saving our future lies buried in the secrets of the past, in the hidden history of Transformers on Earth.","popularity":25.941595,"rating":6,"ratingCount":2313,"runtime":149,"releaseDate":"2017-06-16","revenue":605425157,"budget":217000000,"posterPath":"/s5HQf2Gb3lIO2cRcFwNL9sn1o1o.jpg","originalLanguage":"en","genres":[{"id":28,"name":"Action"},{"id":878,"name":"Science Fiction"},{"id":53,"name":"Thriller"},{"id":12,"name":"Adventure"}],"cast":[{"id":13240,"gender":2,"name":"Mark Wahlberg","character":"Cade Yeager","profilePath":"/z2wJh5n7qZRUE1y9uB8UrivAV2b.jpg"},{"id":19536,"gender":2,"name":"Josh Duhamel","character":"Colonel Lennox","profilePath":"/hi5OzlZAwf22xRRPLFbKnXNoZ9L.jpg"},{"id":209578,"gender":1,"name":"Laura Haddock","character":"Vivian Wembley","profilePath":"/cc8dV3F1poQ3nZoNfm5rECI2hd9.jpg"},{"id":4173,"gender":2,"name":"Anthony Hopkins","character":"Sir Edmund Burton","profilePath":"/btweZvSRBiE6jaMME93BSXeTQN6.jpg"},{"id":2283,"gender":2,"name":"Stanley Tucci","character":"Merlin","profilePath":"/omGlTJF2IW5r3L3c5y0qkCt3hFr.jpg"},{"id":1428070,"gender":1,"name":"Isabela Moner","character":"Izabella","profilePath":"/mT6CGpG1FRhzAGkR2mBEudMIUg8.jpg"},{"id":1241,"gender":2,"name":"John Turturro","character":"Agent Simmons","profilePath":"/70V4hwvWN0J3aX2LzQg7eKCeq29.jpg"}]},"336843":{"id":336843,"title":"Maze Runner: The Death Cure","tagline":"The end will be WCKD","overview":"Thomas leads his group of escaped Gladers on their final and most dangerous mission yet. To save their friends, they must break into the legendary Last City, a WCKD-controlled labyrinth that may turn out to be the deadliest maze of all. Anyone who makes it out alive will get answers to the questions the Gladers have been asking since they first arrived in the maze.","popularity":67.205889,"rating":7.1,"ratingCount":1767,"runtime":142,"releaseDate":"2018-01-17","revenue":284881603,"budget":62000000,"posterPath":"/7GgZ6DGezkh3szFdvskH5XD4V0t.jpg","originalLanguage":"en","genres":[{"id":28,"name":"Action"},{"id":9648,"name":"Mystery"},{"id":878,"name":"Science Fiction"},{"id":53,"name":"Thriller"},{"id":12,"name":"Adventure"},{"id":14,"name":"Fantasy"}],"cast":[{"id":527393,"gender":2,"name":"Dylan O'Brien","character":"Thomas","profilePath":"/gmU3f4aR6Bd8zkk6AiLm0dvWPaE.jpg"},{"id":115150,"gender":1,"name":"Kaya Scodelario","character":"Teresa Agnes","profilePath":"/iTrPnn7oS96k0iWPzNxaKCNutB6.jpg"},{"id":25663,"gender":2,"name":"Thomas Brodie-Sangster","character":"Newt","profilePath":"/cN47YiZhB6yOZwSNShgMPD8VwQ2.jpg"},{"id":1310760,"gender":2,"name":"Ki Hong Lee","character":"Minho","profilePath":"/8QodPxf0yrBUzG0ZIVIPXJ4MgdA.jpg"},{"id":973667,"gender":1,"name":"Rosa Salazar","character":"Brenda","profilePath":"/bwY3wWrpG3YqIWiwFbHkN3zSUEk.jpg"},{"id":4808,"gender":2,"name":"Giancarlo Esposito","character":"Jorge","profilePath":"/d39hOi5lTfqekjFK4JKKPeuGNdW.jpg"},{"id":93491,"gender":2,"name":"Will Poulter","character":"Gally","profilePath":"/uzzt8okraVwvxSfoU4MJ39bdHwV.jpg"}]},"337167":{"id":337167,"title":"Fifty Shades Freed","tagline":"Don't miss the climax","overview":"Believing they have left behind shadowy figures from their past, newlyweds Christian and Ana fully embrace an inextricable connection and shared life of luxury. But just as she steps into her role as Mrs. Grey and he relaxes into an unfamiliar stability, new threats could jeopardize their happy ending before it even begins.","popularity":477.785894,"rating":6,"ratingCount":1863,"runtime":105,"releaseDate":"2018-02-07","revenue":136906000,"budget":55000000,"posterPath":"/jjPJ4s3DWZZvI4vw8Xfi4Vqa1Q8.jpg","originalLanguage":"en","genres":[{"id":18,"name":"Drama"},{"id":10749,"name":"Romance"}],"cast":[{"id":118545,"gender":1,"name":"Dakota Johnson","character":"Anastasia Steele","profilePath":"/razONK0A0UUZUCtxLryQwodNzWO.jpg"},{"id":1254583,"gender":2,"name":"Jamie Dornan","character":"Christian Grey","profilePath":"/n4vK7CuElT0YIQi93nTgk3LsYW0.jpg"},{"id":33337,"gender":2,"name":"Eric Johnson","character":"Jack Hyde","profilePath":"/t5K2SD1JINnq8eg5XuMVGq0w3Ta.jpg"},{"id":20373,"gender":1,"name":"Arielle Kebbel","character":"Gia Matteo","profilePath":"/g8tijCydDd4TGdcxVJLi1UqlXm2.jpg"},{"id":1211093,"gender":2,"name":"Brant Daugherty","character":"Luke Sawyer","profilePath":"/xNGRWJUGFsAUu8hs60jVXnBmwTG.jpg"},{"id":65409,"gender":1,"name":"Fay Masterson","character":"Gail Jones","profilePath":"/rjNb7ZDq00KqhFHwuinSge5Iv8i.jpg"},{"id":94864,"gender":2,"name":"Max Martini","character":"Jason Taylor","profilePath":"/fUGKNDsQnKCLzNrWyyBkx7O26XC.jpg"}]},"337339":{"id":337339,"title":"The Fate of the Furious","tagline":"Family no more","overview":"When a mysterious woman seduces Dom into the world of crime and a betrayal of those closest to him, the crew face trials that will test them as never before.","popularity":34.707619,"rating":6.8,"ratingCount":4918,"runtime":136,"releaseDate":"2017-04-12","revenue":1238764765,"budget":250000000,"posterPath":"/dImWM7GJqryWJO9LHa3XQ8DD5NH.jpg","originalLanguage":"en","genres":[{"id":12,"name":"Adventure"},{"id":28,"name":"Action"},{"id":80,"name":"Crime"},{"id":53,"name":"Thriller"},{"id":9648,"name":"Mystery"}],"cast":[{"id":12835,"gender":2,"name":"Vin Diesel","character":"Dominic Toretto","profilePath":"/mjRdM6w6Uz1UnrKQ5Kw02qGln2K.jpg"},{"id":976,"gender":2,"name":"Jason Statham","character":"Deckard Shaw","profilePath":"/PhWiWgasncGWD9LdbsGcmxkV4r.jpg"},{"id":18918,"gender":2,"name":"Dwayne Johnson","character":"Luke Hobbs","profilePath":"/akweMz59qsSoPUJYe7QpjAc2rQp.jpg"},{"id":17647,"gender":1,"name":"Michelle Rodriguez","character":"Letty Ortiz","profilePath":"/v37VK0MNuRuJOCKPKJcZAJXRA5r.jpg"},{"id":8169,"gender":2,"name":"Tyrese Gibson","character":"Roman Pearce","profilePath":"/a3tyF7QXgeEH0QuEuIzNZZ8oLNS.jpg"},{"id":8171,"gender":2,"name":"Ludacris","character":"Tej Parker","profilePath":"/xLfq9wFO6dtYuUK96hbJ8I8EKFw.jpg"},{"id":6885,"gender":1,"name":"Charlize Theron","character":"Cipher","profilePath":"/k5Xt2mNlraX7yHYaPy9gvayCaKV.jpg"}]},"338970":{"id":338970,"title":"Tomb Raider","tagline":"Her legend begins","overview":"Lara Croft, the fiercely independent daughter of a missing adventurer, must push herself beyond her limits when she finds herself on the island where her father disappeared.","popularity":40.525366,"rating":6.2,"ratingCount":1186,"runtime":118,"releaseDate":"2018-03-08","revenue":269018444,"budget":94000000,"posterPath":"/ePyN2nX9t8SOl70eRW47Q29zUFO.jpg","originalLanguage":"en","genres":[{"id":28,"name":"Action"},{"id":12,"name":"Adventure"},{"id":14,"name":"Fantasy"}],"cast":[{"id":227454,"gender":1,"name":"Alicia Vikander","character":"Lara Croft","profilePath":"/4zrfXLhi4MbGQWUJQJcQroHbCS5.jpg"},{"id":27740,"gender":2,"name":"Walton Goggins","character":"Mathias Vogel","profilePath":"/gA5nf2alzIPPjs1MSjS1PmrCedJ.jpg"},{"id":17287,"gender":2,"name":"Dominic West","character":"Richard James Croft","profilePath":"/56zmVMiuUhqas13xn700hvXUA32.jpg"},{"id":64436,"gender":2,"name":"Daniel Wu","character":"Lu Ren","profilePath":"/mIa3Dj2ailEg2vYpBLJdfByhAHe.jpg"},{"id":5470,"gender":1,"name":"Kristin Scott Thomas","character":"Ana Miller","profilePath":"/9NuZGaPn3Z1svlbF9ZkdtjgrHZo.jpg"},{"id":937,"gender":2,"name":"Derek Jacobi","character":"Mr. Yaffe","profilePath":"/jJ4MkVS59gCfJhWMfLTbeHKjoyC.jpg"},{"id":11109,"gender":2,"name":"Nick Frost","character":"Max","profilePath":"/33zuHnAnM1aiUbDZX84GR7UQjTa.jpg"}]},"339403":{"id":339403,"title":"Baby Driver","tagline":"All you need is one killer track.","overview":"After being coerced into working for a crime boss, a young getaway driver finds himself taking part in a heist doomed to fail.","popularity":27.681239,"rating":7.4,"ratingCount":5130,"runtime":113,"releaseDate":"2017-06-28","revenue":226945087,"budget":34000000,"posterPath":"/dN9LbVNNZFITwfaRjl4tmwGWkRg.jpg","originalLanguage":"en","genres":[{"id":28,"name":"Action"},{"id":80,"name":"Crime"}],"cast":[{"id":1159982,"gender":2,"name":"Ansel Elgort","character":"Baby","profilePath":"/pygoyP5taxmeD02TQLc4R0prCOi.jpg"},{"id":1016168,"gender":1,"name":"Lily James","character":"Deborah","profilePath":"/rfN0XMbIQLvgGvm4V8ZaTcFa1II.jpg"},{"id":1979,"gender":2,"name":"Kevin Spacey","character":"Doc","profilePath":"/x7wF050iuCASefLLG75s2uDPFUu.jpg"},{"id":65717,"gender":2,"name":"Jon Hamm","character":"Buddy","profilePath":"/wb14AA6u8dqA0XNweRIeKXatzzc.jpg"},{"id":134,"gender":2,"name":"Jamie Foxx","character":"Bats","profilePath":"/cDRGXCNrwf1p9jouw9GzhU2vWP7.jpg"},{"id":1222992,"gender":1,"name":"Eiza González","character":"Darling","profilePath":"/7e7YLQRWEh6amQAwPU5HKDY0TV9.jpg"},{"id":19498,"gender":2,"name":"Jon Bernthal","character":"Griff","profilePath":"/w3epqN0BlV4TiUV9255d5tSCIRV.jpg"}]},"339846":{"id":339846,"title":"Baywatch","tagline":"Don't worry, summer is coming","overview":"Devoted lifeguard Mitch Buchannon butts heads with a brash new recruit. Together, they uncover a local criminal plot that threatens the future of the Bay.","popularity":23.993711,"rating":6.1,"ratingCount":3139,"runtime":116,"releaseDate":"2017-05-12","revenue":177856751,"budget":69000000,"posterPath":"/6HE4xd8zloDqmjMZuhUCCw2UcY1.jpg","originalLanguage":"en","genres":[{"id":28,"name":"Action"},{"id":35,"name":"Comedy"}],"cast":[{"id":18918,"gender":2,"name":"Dwayne Johnson","character":"Mitch Buchanan","profilePath":"/akweMz59qsSoPUJYe7QpjAc2rQp.jpg"},{"id":29222,"gender":2,"name":"Zac Efron","character":"Matt Brody","profilePath":"/l0nzNkwTTT4a7QDC3HzYQSYsyXY.jpg"},{"id":109513,"gender":1,"name":"Alexandra Daddario","character":"Summer Quinn","profilePath":"/s544zfrPI1Dnk60t1x1KUXF4iH3.jpg"},{"id":1156913,"gender":1,"name":"Kelly Rohrbach","character":"C.J. Parker","profilePath":"/1FMkDUS6Vism2oewVLjdWsPs0cv.jpg"},{"id":77234,"gender":1,"name":"Priyanka Chopra","character":"Victoria Leeds","profilePath":"/iTcExyMhCa0yc5AmMPQcDOETLtW.jpg"},{"id":1461038,"gender":2,"name":"Jon Bass","character":"Ronnie Greenbaum","profilePath":"/1MZaQStcG2TjqCsBbc00AMtwkvH.jpg"},{"id":1181354,"gender":1,"name":"Ilfenesh Hadera","character":"Stephanie Holden","profilePath":"/iecp6bF8Y8lUI2pWYvu5MBNQQp8.jpg"}]},"339964":{"id":339964,"title":"Valerian and the City of a Thousand Planets","tagline":"","overview":"In the 28th century, Valerian and Laureline are special operatives charged with keeping order throughout the human territories. On assignment from the Minister of Defense, the two undertake a mission to Alpha, an ever-expanding metropolis where species from across the universe have converged over centuries to share knowledge, intelligence, and cultures. At the center of Alpha is a mysterious dark force which threatens the peaceful existence of the City of a Thousand Planets, and Valerian and Laureline must race to identify the menace and safeguard not just Alpha, but the future of the universe.","popularity":28.053778,"rating":6.6,"ratingCount":2706,"runtime":136,"releaseDate":"2017-07-20","revenue":225874228,"budget":197471676,"posterPath":"/jfIpMh79fGRqYJ6PwZLCntzgxlF.jpg","originalLanguage":"en","genres":[{"id":12,"name":"Adventure"},{"id":878,"name":"Science Fiction"},{"id":28,"name":"Action"}],"cast":[{"id":122889,"gender":2,"name":"Dane DeHaan","character":"Valerian","profilePath":"/spQ5AlolOGxSZWwnNELrs4ezs9z.jpg"},{"id":1289968,"gender":1,"name":"Cara Delevingne","character":"Laureline","profilePath":"/lEIFRIR8EohwOVe7PQu4zvIl850.jpg"},{"id":2296,"gender":2,"name":"Clive Owen","character":"Commander Arün Filitt","profilePath":"/jm2as6tLcvHCYQvmMYM4VK6JEnr.jpg"},{"id":131519,"gender":1,"name":"Rihanna","character":"Bubble","profilePath":"/piXUA7L0gWQNtnDPXtBe24C9FF6.jpg"},{"id":569,"gender":2,"name":"Ethan Hawke","character":"Jolly the Pimp","profilePath":"/kcby6VYk6Gb0036nUyh8chY5ZAJ.jpg"},{"id":15193,"gender":2,"name":"Herbie Hancock","character":"Defence Minister","profilePath":"/hiYIvYhh7jnU2O5RLLdTEVv1a1l.jpg"},{"id":1390948,"gender":2,"name":"Kris Wu","character":"Sergeant Neza","profilePath":"/gwtLPwmv54umE5RhtDOEWzahmy.jpg"}]},"341013":{"id":341013,"title":"Atomic Blonde","tagline":"Talents can be overrated.","overview":"An undercover MI6 agent is sent to Berlin during the Cold War to investigate the murder of a fellow agent and recover a missing list of double agents.","popularity":29.031976,"rating":6.2,"ratingCount":2533,"runtime":115,"releaseDate":"2017-07-26","revenue":95673925,"budget":30000000,"posterPath":"/ApXiD6hHQ0pZLoVUuiI1NKkpDgS.jpg","originalLanguage":"en","genres":[{"id":28,"name":"Action"},{"id":9648,"name":"Mystery"},{"id":53,"name":"Thriller"}],"cast":[{"id":6885,"gender":1,"name":"Charlize Theron","character":"Lorraine Broughton","profilePath":"/k5Xt2mNlraX7yHYaPy9gvayCaKV.jpg"},{"id":5530,"gender":2,"name":"James McAvoy","character":"David Percival","profilePath":"/cHHDjnhvgeT4TNEovAZCeYNz6Nc.jpg"},{"id":568657,"gender":1,"name":"Sofia Boutella","character":"Delphine Lasalle","profilePath":"/btLeUFNIGTxG7FecTMRztSALj6L.jpg"},{"id":1665,"gender":2,"name":"Eddie Marsan","character":"Spyglass","profilePath":"/zcJ2W9BuiBPohtOkPFcYuFfCzji.jpg"},{"id":13014,"gender":2,"name":"Toby Jones","character":"Eric Gray","profilePath":"/9FUBqeLZZGz8Jmk9B18LODG6aky.jpg"},{"id":1230,"gender":2,"name":"John Goodman","character":"Emmett Kurzfeld","profilePath":"/eOIx8zj1vYIRhVY2bK5cjIQfua0.jpg"},{"id":1844,"gender":2,"name":"Til Schweiger","character":"Watchmaker","profilePath":"/mRQ9URazBbImeV0NxHZsGS3Px7D.jpg"}]},"341174":{"id":341174,"title":"Fifty Shades Darker","tagline":"Every fairy tale has a dark side.","overview":"When a wounded Christian Grey tries to entice a cautious Ana Steele back into his life, she demands a new arrangement before she will give him another chance. As the two begin to build trust and find stability, shadowy figures from Christian’s past start to circle the couple, determined to destroy their hopes for a future together.","popularity":43.456983,"rating":6,"ratingCount":3323,"runtime":118,"releaseDate":"2017-02-08","revenue":378827494,"budget":55000000,"posterPath":"/aybgjbFbn6yUbsgUMnUbwc2jcWd.jpg","originalLanguage":"en","genres":[{"id":18,"name":"Drama"},{"id":10749,"name":"Romance"}],"cast":[{"id":118545,"gender":1,"name":"Dakota Johnson","character":"Anastasia Steele","profilePath":"/razONK0A0UUZUCtxLryQwodNzWO.jpg"},{"id":1254583,"gender":2,"name":"Jamie Dornan","character":"Christian Grey","profilePath":"/n4vK7CuElT0YIQi93nTgk3LsYW0.jpg"},{"id":33337,"gender":2,"name":"Eric Johnson","character":"Jack Hyde","profilePath":"/t5K2SD1JINnq8eg5XuMVGq0w3Ta.jpg"},{"id":222130,"gender":1,"name":"Eloise Mumford","character":"Kate Kavanagh","profilePath":"/ssWFOwKNTHSnejpFsk5K0ZTlFVV.jpg"},{"id":234982,"gender":1,"name":"Bella Heathcote","character":"Leila Williams","profilePath":"/uhNri9He6qWKrXeC68DXz5IlrGA.jpg"},{"id":1089873,"gender":1,"name":"Rita Ora","character":"Mia Grey","profilePath":"/4olIRqYmdXf56ZDsjBCs3VMmJXi.jpg"},{"id":56680,"gender":2,"name":"Luke Grimes","character":"Elliot Grey","profilePath":"/exWEhmQhrUXl4zQ1lnBiSMUvOYF.jpg"}]},"343111":{"id":343111,"title":"Aage Ki Soch","tagline":"","overview":"Aage Ki Soch is 1988 Hindi language movie directed by Dada Kondke and starring Shakti Kapoor, Dada Kondke, Swapna, Raza Murad, and Satish Shah","popularity":26.687419,"rating":0,"ratingCount":0,"runtime":137,"releaseDate":"1988-01-01","revenue":0,"budget":0,"posterPath":"/qSJ0j8PQrhEzmd7jlwpxS4liQI7.jpg","originalLanguage":"hi","genres":[{"id":35,"name":"Comedy"}],"cast":[{"id":1270551,"gender":0,"name":"Dada Kondke","character":"","profilePath":null},{"id":86017,"gender":2,"name":"Shakti Kapoor","character":"","profilePath":"/67XySQHizTIxmG8LhNZtLEuIUqM.jpg"},{"id":35759,"gender":2,"name":"Satish Shah","character":"","profilePath":"/rJpld5ViYmACQUGvYAYEggnHi2O.jpg"},{"id":1332813,"gender":0,"name":"Swapna","character":"","profilePath":null},{"id":565160,"gender":2,"name":"Raza Murad","character":"","profilePath":"/801Jj8tojATXM9Yhp6yOiqUqHPV.jpg"},{"id":119271,"gender":0,"name":"Huma Khan","character":"","profilePath":null}]},"343668":{"id":343668,"title":"Kingsman: The Golden Circle","tagline":"Reports of my death have been greatly exaggerated.","overview":"When an attack on the Kingsman headquarters takes place and a new villain rises, Eggsy and Merlin are forced to work together with the American agency known as the Statesman to save the world.","popularity":28.6367,"rating":7,"ratingCount":3481,"runtime":141,"releaseDate":"2017-09-20","revenue":410902662,"budget":104000000,"posterPath":"/34xBL6BXNYFqtHO9zhcgoakS4aP.jpg","originalLanguage":"en","genres":[{"id":28,"name":"Action"},{"id":12,"name":"Adventure"},{"id":35,"name":"Comedy"}],"cast":[{"id":5472,"gender":2,"name":"Colin Firth","character":"Harry Hart / Galahad","profilePath":"/4pj31PUxqpuJZrHChinub4gr2ul.jpg"},{"id":1231,"gender":1,"name":"Julianne Moore","character":"Poppy Adams","profilePath":"/v2FcWGiiuvl6P7NV0966jNL09uh.jpg"},{"id":1303037,"gender":2,"name":"Taron Egerton","character":"Gary 'Eggsy' Unwin / Galahad","profilePath":"/uCaPhyKAQIfEzAWWCYIrO2004CB.jpg"},{"id":2983,"gender":2,"name":"Mark Strong","character":"Hamish Mycroft / Merlin","profilePath":"/svq7VWJqKN4Fq8ZJK1Yd8W711rn.jpg"},{"id":1229,"gender":2,"name":"Jeff Bridges","character":"Champagne \"Champ\"","profilePath":"/xms1RAY6q7Lzp7wNeRCB0kzhucn.jpg"},{"id":11370,"gender":2,"name":"Elton John","character":"Elton John","profilePath":"/bFQvidUsrWfWo4ZI7oZgTnB8Zb6.jpg"},{"id":4587,"gender":1,"name":"Halle Berry","character":"Ginger Ale","profilePath":"/w7HRZh4UhimZO2F6GywkYhjgAX3.jpg"}]},"346364":{"id":346364,"title":"It","tagline":"Your fears are unleashed","overview":"In a small town in Maine, seven children known as The Losers Club come face to face with life problems, bullies and a monster that takes the shape of a clown called Pennywise.","popularity":23.214011,"rating":7.1,"ratingCount":7686,"runtime":134,"releaseDate":"2017-09-05","revenue":700381748,"budget":35000000,"posterPath":"/9E2y5Q7WlCVNEhP5GiVTjhEhx1o.jpg","originalLanguage":"en","genres":[{"id":18,"name":"Drama"},{"id":27,"name":"Horror"},{"id":53,"name":"Thriller"}],"cast":[{"id":1274508,"gender":2,"name":"Jaeden Lieberher","character":"Bill Denbrough","profilePath":"/5iGyfDlrYsQwEeGz8rZibBcxbus.jpg"},{"id":137905,"gender":2,"name":"Bill Skarsgård","character":"Pennywise","profilePath":"/dNBVysW90WipOgX81sAsvxtvddF.jpg"},{"id":1559689,"gender":2,"name":"Jeremy Ray Taylor","character":"Ben Hanscom","profilePath":"/lorg5MgHUzKr5KuhZ3durEyjKtp.jpg"},{"id":1481238,"gender":1,"name":"Sophia Lillis","character":"Beverly Marsh","profilePath":"/r62iGGF7ERQ0oJqq473lcBOVmVr.jpg"},{"id":1442069,"gender":2,"name":"Finn Wolfhard","character":"Richie Tozier","profilePath":"/fMCfuF7OaekBBsPSvzHSPSZgmOZ.jpg"},{"id":1774679,"gender":2,"name":"Jack Dylan Grazer","character":"Eddie Kaspbrak","profilePath":"/flLri8lSIEFKje8YK9Bv0zNen0y.jpg"},{"id":1148455,"gender":2,"name":"Wyatt Oleff","character":"Stanley Uris","profilePath":"/18K1XQR54wzaAjrBh1FUBGKFuNv.jpg"}]},"347882":{"id":347882,"title":"Sleight","tagline":"You can change the cards you're dealt","overview":"A young street magician is left to take care of his little sister after his mother's passing and turns to drug dealing in the Los Angeles party scene to keep a roof over their heads. When he gets into trouble with his supplier, his sister is kidnapped and he is forced to rely on both his sleight of hand and brilliant mind to save her.","popularity":87.392865,"rating":5.2,"ratingCount":320,"runtime":89,"releaseDate":"2017-04-28","revenue":0,"budget":0,"posterPath":"/wridRvGxDqGldhzAIh3IcZhHT5F.jpg","originalLanguage":"en","genres":[{"id":18,"name":"Drama"},{"id":53,"name":"Thriller"},{"id":28,"name":"Action"},{"id":878,"name":"Science Fiction"}],"cast":[{"id":512316,"gender":0,"name":"Jacob Latimore","character":"Bo","profilePath":"/ncabL8QALGJpMkcmGDFuqBw4jsh.jpg"},{"id":559643,"gender":1,"name":"Seychelle Gabriel","character":"Holly","profilePath":"/nlzqjdZnVqD3CcKnXJmBBoPVZ4E.jpg"},{"id":1395348,"gender":1,"name":"Sasheer Zamata","character":"Georgi","profilePath":"/h6WIR70Qp2Ex8hAGWpfYcRXr1mc.jpg"},{"id":1344344,"gender":1,"name":"Storm Reid","character":"Tina","profilePath":"/FNxGQJzMfPdV8NvEyuysbYT57Q.jpg"},{"id":1492327,"gender":1,"name":"Cameron Esposito","character":"Luna","profilePath":"/8qKl5CegJ0yGPTLkKYQGok7wX4n.jpg"},{"id":122756,"gender":2,"name":"Dulé Hill","character":"Angelo","profilePath":"/vA43B0F4FADUibvhVxu5KfgemRU.jpg"},{"id":1122461,"gender":2,"name":"Michael Villar","character":"Packy","profilePath":"/fDyvZqCssf8B4nRr4xKzRdcDbUi.jpg"}]},"348350":{"id":348350,"title":"Solo: A Star Wars Story","tagline":"","overview":"Through a series of daring escapades deep within a dark and dangerous criminal underworld, Han Solo meets his mighty future copilot Chewbacca and encounters the notorious gambler Lando Calrissian.","popularity":49.035514,"rating":5.3,"ratingCount":14,"runtime":135,"releaseDate":"2018-05-23","revenue":0,"budget":0,"posterPath":"/3IGbjc5ZC5yxim5W0sFING2kdcz.jpg","originalLanguage":"en","genres":[{"id":28,"name":"Action"},{"id":12,"name":"Adventure"},{"id":878,"name":"Science Fiction"}],"cast":[{"id":71375,"gender":2,"name":"Alden Ehrenreich","character":"Han Solo","profilePath":"/hPbiRySz3k5XEZ3DwJtExnNTKiG.jpg"},{"id":57755,"gender":2,"name":"Woody Harrelson","character":"Tobias Beckett","profilePath":"/1ecdooAHICUhCZKKEKlFtccEmTU.jpg"},{"id":1223786,"gender":1,"name":"Emilia Clarke","character":"Qi'Ra","profilePath":"/j7d083zIMhwnKro3tQqDz2Fq1UD.jpg"},{"id":119589,"gender":2,"name":"Donald Glover","character":"Lando Calrissian","profilePath":"/36o5mpbQVdxOf9kUxWw7SllOuk.jpg"},{"id":9030,"gender":1,"name":"Thandie Newton","character":"Val","profilePath":"/sW6XsnM2DkX6ujOXZ38aIQAMIWi.jpg"},{"id":1023483,"gender":1,"name":"Phoebe Waller-Bridge","character":"L3-37","profilePath":"/dnXxjzaC8avHYlh6Cd01yeayXTL.jpg"},{"id":1709041,"gender":0,"name":"Joonas Suotamo","character":"Chewbacca","profilePath":"/coE68FGFdlhFACIKUux4p6wtZKf.jpg"}]},"351286":{"id":351286,"title":"Jurassic World: Fallen Kingdom","tagline":"The park is gone","overview":"A volcanic eruption threatens the remaining dinosaurs on the island of Isla Nublar, where the creatures have freely roamed for several years after the demise of an animal theme park known as Jurassic World. Claire Dearing, the former park manager, has now founded the Dinosaur Protection Group, an organization dedicated to protecting the dinosaurs. To help with her cause, Claire has recruited Owen Grady, a former dinosaur trainer who worked at the park, to prevent the extinction of the dinosaurs once again.","popularity":63.345222,"rating":0,"ratingCount":28,"runtime":124,"releaseDate":"2018-06-06","revenue":0,"budget":260000000,"posterPath":"/c9XxwwhPHdaImA2f1WEfEsbhaFB.jpg","originalLanguage":"en","genres":[{"id":28,"name":"Action"},{"id":12,"name":"Adventure"},{"id":18,"name":"Drama"},{"id":878,"name":"Science Fiction"},{"id":53,"name":"Thriller"}],"cast":[{"id":73457,"gender":2,"name":"Chris Pratt","character":"Owen Grady","profilePath":"/n4DD1AYU7WEMNPLga1TxqnHivn1.jpg"},{"id":18997,"gender":1,"name":"Bryce Dallas Howard","character":"Claire Dearing","profilePath":"/taWmUeEJvR4j14nydUnVYmhDadT.jpg"},{"id":28847,"gender":2,"name":"Rafe Spall","character":"Mills","profilePath":"/7ucsDEWvcMU4SpxtZEaYErPpXHh.jpg"},{"id":13014,"gender":2,"name":"Toby Jones","character":"Wheaton","profilePath":"/9FUBqeLZZGz8Jmk9B18LODG6aky.jpg"},{"id":1029934,"gender":2,"name":"Justice Smith","character":"Franklin","profilePath":"/9G8pKfvfbqs5fmRo0VtlHqxdVBQ.jpg"},{"id":1257819,"gender":1,"name":"Daniella Pineda","character":"","profilePath":"/qWDRZmVwhQs0oSx05srxABtBrSU.jpg"},{"id":15854,"gender":2,"name":"Ted Levine","character":"","profilePath":"/7O3vgqgicfNeGr3leC0qB074fjX.jpg"}]},"353486":{"id":353486,"title":"Jumanji: Welcome to the Jungle","tagline":"The game has evolved.","overview":"The tables are turned as four teenagers are sucked into Jumanji's world - pitted against rhinos, black mambas and an endless variety of jungle traps and puzzles. To survive, they'll play as characters from the game.","popularity":40.295906,"rating":6.6,"ratingCount":4192,"runtime":119,"releaseDate":"2017-12-09","revenue":962119864,"budget":90000000,"posterPath":"/bXrZ5iHBEjH7WMidbUDQ0U2xbmr.jpg","originalLanguage":"en","genres":[{"id":28,"name":"Action"},{"id":12,"name":"Adventure"},{"id":35,"name":"Comedy"},{"id":14,"name":"Fantasy"}],"cast":[{"id":18918,"gender":2,"name":"Dwayne Johnson","character":"Dr. Smolder Bravestone","profilePath":"/akweMz59qsSoPUJYe7QpjAc2rQp.jpg"},{"id":70851,"gender":2,"name":"Jack Black","character":"Professor Sheldon 'Shelly' Oberon","profilePath":"/vMXgtzMdt2jSAjOECFQ5F53blbr.jpg"},{"id":55638,"gender":2,"name":"Kevin Hart","character":"Franklin 'Mouse' Finbar","profilePath":"/9zxRAhWMxhVrgDnUysvTGLW7fcW.jpg"},{"id":543261,"gender":1,"name":"Karen Gillan","character":"Ruby Roundhouse","profilePath":"/b6rSmkcM3XvSxCb3aLEP8JaG07q.jpg"},{"id":130565,"gender":2,"name":"Nick Jonas","character":"Jefferson 'Seaplane' McDonough","profilePath":"/yDjPQfp3LKp1QnETYhWHOKOQ5lw.jpg"},{"id":21127,"gender":2,"name":"Bobby Cannavale","character":"Professor Russel Van Pelt","profilePath":"/o3xnmePoOUCw7sjoZ4xM4W5DL26.jpg"},{"id":82666,"gender":2,"name":"Rhys Darby","character":"Nigel Billingsley","profilePath":"/LEqoJOUNZxyZEp5dQy5MaM93m1.jpg"}]},"353491":{"id":353491,"title":"The Dark Tower","tagline":"There are other worlds than these","overview":"The last Gunslinger, Roland Deschain, has been locked in an eternal battle with Walter O’Dim, also known as the Man in Black, determined to prevent him from toppling the Dark Tower, which holds the universe together. With the fate of the worlds at stake, good and evil will collide in the ultimate battle as only Roland can defend the Tower from the Man in Black.","popularity":23.660659,"rating":5.6,"ratingCount":1971,"runtime":95,"releaseDate":"2017-08-03","revenue":111757995,"budget":60000000,"posterPath":"/i9GUSgddIqrroubiLsvvMRYyRy0.jpg","originalLanguage":"en","genres":[{"id":28,"name":"Action"},{"id":14,"name":"Fantasy"},{"id":878,"name":"Science Fiction"},{"id":37,"name":"Western"},{"id":27,"name":"Horror"}],"cast":[{"id":17605,"gender":2,"name":"Idris Elba","character":"Roland Deschain","profilePath":"/d9NkfCwczP0TjgrjpF94jF67SK8.jpg"},{"id":10297,"gender":2,"name":"Matthew McConaughey","character":"Walter O’Dim","profilePath":"/jdRmHrG0TWXGhs4tO6TJNSoL25T.jpg"},{"id":1696753,"gender":2,"name":"Tom Taylor","character":"Jake Chambers","profilePath":"/gzjmHOSM1vnwnXpU737tdu9YjOu.jpg"},{"id":1401531,"gender":1,"name":"Claudia Kim","character":"Arra Champignon","profilePath":"/zYiS1KJKEoLstzFA3DV5gwszzSC.jpg"},{"id":51533,"gender":2,"name":"Fran Kranz","character":"Pimli Prentiss","profilePath":"/vDuvdRoliXbjQrptk7GVs4Qj07S.jpg"},{"id":1036288,"gender":1,"name":"Abbey Lee","character":"Tirana","profilePath":"/rIrGy9FEAhx4GWwMSHOemWvEPKX.jpg"},{"id":17183,"gender":2,"name":"Jackie Earle Haley","character":"Richard Sayre","profilePath":"/qVPNzBEm9xF4YX1SwkXhxgsuqCt.jpg"}]},"353616":{"id":353616,"title":"Pitch Perfect 3","tagline":"Last Call Pitches","overview":"After the highs of winning the world championships, the Bellas find themselves split apart and discovering there aren't job prospects for making music with your mouth. But when they get the chance to reunite for an overseas USO tour, this group of awesome nerds will come together to make some music, and some questionable decisions, one last time.","popularity":27.386846,"rating":6.4,"ratingCount":962,"runtime":93,"releaseDate":"2017-12-21","revenue":183897530,"budget":45000000,"posterPath":"/fchHLsLjFvzAFSQykiMwdF1051.jpg","originalLanguage":"en","genres":[{"id":35,"name":"Comedy"},{"id":10402,"name":"Music"}],"cast":[{"id":84223,"gender":1,"name":"Anna Kendrick","character":"Beca Mitchell","profilePath":"/sylfU9EOLAF6R7BdOXGqyA4jYKv.jpg"},{"id":221581,"gender":1,"name":"Rebel Wilson","character":"Fat Amy","profilePath":"/hwgTgqFLFwTBesbCAKtWa1ARrp7.jpg"},{"id":29221,"gender":1,"name":"Brittany Snow","character":"Chloe Beale","profilePath":"/delacVjRUWkzEgpTkPT3uqIZcOb.jpg"},{"id":130640,"gender":1,"name":"Hailee Steinfeld","character":"Emily Junk","profilePath":"/evfMwuIPBACCJuLjHClrU50WyYo.jpg"},{"id":9281,"gender":1,"name":"Elizabeth Banks","character":"Gail Abernathy-McKadden-Feinberger","profilePath":"/t6sfUzvQkMZu3wh4LMNBFxEmiDy.jpg"},{"id":221098,"gender":1,"name":"Anna Camp","character":"Aubrey Posen","profilePath":"/uQ8qyoTpgSfNPuzhSWJdiV9r32Y.jpg"},{"id":999790,"gender":1,"name":"Alexis Knapp","character":"Stacie Conrad","profilePath":"/kWqV8QTtgNiroSW9rY8J0JFA5M7.jpg"}]},"354912":{"id":354912,"title":"Coco","tagline":"The celebration of a lifetime","overview":"Despite his family’s baffling generations-old ban on music, Miguel dreams of becoming an accomplished musician like his idol, Ernesto de la Cruz. Desperate to prove his talent, Miguel finds himself in the stunning and colorful Land of the Dead following a mysterious chain of events. Along the way, he meets charming trickster Hector, and together, they set off on an extraordinary journey to unlock the real story behind Miguel's family history.","popularity":105.604172,"rating":7.8,"ratingCount":4459,"runtime":105,"releaseDate":"2017-10-27","revenue":800526015,"budget":175000000,"posterPath":"/eKi8dIrr8voobbaGzDpe8w0PVbC.jpg","originalLanguage":"en","genres":[{"id":12,"name":"Adventure"},{"id":35,"name":"Comedy"},{"id":10751,"name":"Family"},{"id":16,"name":"Animation"}],"cast":[{"id":1193391,"gender":2,"name":"Anthony Gonzalez","character":"Miguel Rivera (voice)","profilePath":"/3SfBmj35OfL8eVIQt9nTixWqVJH.jpg"},{"id":258,"gender":2,"name":"Gael García Bernal","character":"Héctor (voice)","profilePath":"/o4sdHKTBbF8GpooIwp5bvliubyY.jpg"},{"id":4589,"gender":2,"name":"Benjamin Bratt","character":"Ernesto de la Cruz (voice)","profilePath":"/5g88fU683ZXhFn0VSsBMjLHsXG1.jpg"},{"id":10402,"gender":1,"name":"Alanna Ubach","character":"Mamá Imelda Rivera (voice)","profilePath":"/g0GOzbSDAzhMxoCBNofiMxHIJJj.jpg"},{"id":154004,"gender":1,"name":"Renée Victor","character":"Elena Rivera (voice)","profilePath":"/wAVDqwFhQsRQgO6VIYq6T9Wbbx8.jpg"},{"id":1043869,"gender":1,"name":"Ana Ofelia Murguía","character":"Mamá Socorro \"Coco\" Rivera (voice)","profilePath":"/5aL5IK9erDuVGiRE172YGnTs952.jpg"},{"id":587,"gender":2,"name":"Edward James Olmos","character":"Chicharrón (voice)","profilePath":"/i7zKqsFqL5L1HPmAMeSA1xZzlD5.jpg"}]},"359940":{"id":359940,"title":"Three Billboards Outside Ebbing, Missouri","tagline":"","overview":"After seven months have passed without a culprit in her daughter's murder case, Mildred Hayes makes a bold move, painting three signs leading into her town with a controversial message directed at Bill Willoughby, the town's revered chief of police. When his second-in-command Officer Jason Dixon, an immature mother's boy with a penchant for violence, gets involved, the battle between Mildred and Ebbing's law enforcement is only exacerbated.","popularity":33.802045,"rating":8.2,"ratingCount":2887,"runtime":115,"releaseDate":"2017-11-10","revenue":158526998,"budget":15000000,"posterPath":"/vgvw6w1CtcFkuXXn004S5wQsHRl.jpg","originalLanguage":"en","genres":[{"id":80,"name":"Crime"},{"id":18,"name":"Drama"}],"cast":[{"id":3910,"gender":1,"name":"Frances McDormand","character":"Mildred Hayes","profilePath":"/AskZbUslI8HkkbdmwyAXHjmQqPg.jpg"},{"id":57755,"gender":2,"name":"Woody Harrelson","character":"Bill Willoughby","profilePath":"/1ecdooAHICUhCZKKEKlFtccEmTU.jpg"},{"id":6807,"gender":2,"name":"Sam Rockwell","character":"Jason Dixon","profilePath":"/mEH7nCaG75XNkoFbp3MIwCbIZb6.jpg"},{"id":16861,"gender":2,"name":"John Hawkes","character":"Charlie Hayes","profilePath":"/bz4usMR7NWEgVgWTxVBLEjCo3Dv.jpg"},{"id":22970,"gender":2,"name":"Peter Dinklage","character":"James","profilePath":"/xuB7b4GbARu4HN6gq5zMqjGbkwF.jpg"},{"id":37260,"gender":1,"name":"Abbie Cornish","character":"Anne Willoughby","profilePath":"/keDV2eWIcdGGiFNaF3DjJA98KIt.jpg"},{"id":1105079,"gender":2,"name":"Lucas Hedges","character":"Robbie Hayes","profilePath":"/hl5hqBETPFAj8xUu3r7kweh2pu.jpg"}]},"364689":{"id":364689,"title":"Ferdinand","tagline":"Built To Fight. Born To Love","overview":"Ferdinand, a little bull, prefers sitting quietly under a cork tree just smelling the flowers versus jumping around, snorting, and butting heads with other bulls. As Ferdinand grows big and strong, his temperament remains mellow, but one day five men come to choose the \"biggest, fastest, roughest bull\" for the bullfights in Madrid and Ferdinand is mistakenly chosen.  Based on the classic 1936 children's book by Munro Leaf.","popularity":32.246726,"rating":6.9,"ratingCount":680,"runtime":107,"releaseDate":"2017-12-09","revenue":294764262,"budget":111000000,"posterPath":"/rMm94JsRfcOPiPVsTRcBiiVBOhz.jpg","originalLanguage":"en","genres":[{"id":16,"name":"Animation"},{"id":35,"name":"Comedy"},{"id":12,"name":"Adventure"},{"id":10751,"name":"Family"}],"cast":[{"id":56446,"gender":2,"name":"John Cena","character":"Ferdinand (voice)","profilePath":"/WbnZd6SK3DRlQBBW1yP1xHwlbs.jpg"},{"id":1240487,"gender":1,"name":"Kate McKinnon","character":"Lupe (voice)","profilePath":"/jzgiKHmkhxhvELnq9ccDkFc8Ynn.jpg"},{"id":18471,"gender":2,"name":"Anthony Anderson","character":"Bones (voice)","profilePath":"/xcMJimUAcQJGCSw25je1TLMy8rC.jpg"},{"id":21127,"gender":2,"name":"Bobby Cannavale","character":"Valiente / Valiente's Father (voice)","profilePath":"/o3xnmePoOUCw7sjoZ4xM4W5DL26.jpg"},{"id":20049,"gender":2,"name":"David Tennant","character":"Angus (voice)","profilePath":"/dvhgfeZtK0aSHU1H8rkGwFTq28b.jpg"},{"id":1217825,"gender":2,"name":"Peyton Manning","character":"Guapo (voice)","profilePath":"/k3AE7sFccHCrGUkTsnnyB9Kz8u0.jpg"},{"id":180486,"gender":1,"name":"Gina Rodriguez","character":"Una (voice)","profilePath":"/s1m3BmHGRaWQN5QJyZHHgdjqCQP.jpg"}]},"372058":{"id":372058,"title":"Your Name.","tagline":"","overview":"High schoolers Mitsuha and Taki are complete strangers living separate lives. But one night, they suddenly switch places. Mitsuha wakes up in Taki’s body, and he in hers. This bizarre occurrence continues to happen randomly, and the two must adjust their lives around each other.","popularity":32.701376,"rating":8.6,"ratingCount":2314,"runtime":106,"releaseDate":"2016-08-26","revenue":355398372,"budget":0,"posterPath":"/xq1Ugd62d23K2knRUx6xxuALTZB.jpg","originalLanguage":"ja","genres":[{"id":10749,"name":"Romance"},{"id":16,"name":"Animation"},{"id":18,"name":"Drama"}],"cast":[{"id":225730,"gender":2,"name":"Ryunosuke Kamiki","character":"Taki Tachibana (voice)","profilePath":"/6MwcfIUraHuKOmwjT4gX8BBB2T6.jpg"},{"id":1369100,"gender":1,"name":"Mone Kamishiraishi","character":"Mitsuha Miyamizu (voice)","profilePath":"/zb3bTOd7ise28FTv6TWK5L2VDwk.jpg"},{"id":87637,"gender":1,"name":"Masami Nagasawa","character":"Miki Okudera (voice)","profilePath":"/rMruYPsh4dBSVHsDpiB8trN6uIp.jpg"},{"id":91288,"gender":1,"name":"Etsuko Ichihara","character":"Hitoha Miyamizu (voice)","profilePath":"/rVqKWbK924s78nlnTQWpDU5gqFz.jpg"},{"id":1668610,"gender":2,"name":"Ryou Narita","character":"Katsuhiko Teshigawara (voice)","profilePath":"/x3galWE9Nmmcxw4Xs1KFbQPt5zS.jpg"},{"id":936275,"gender":1,"name":"Aoi Yuki","character":"Sayaka Natori (voice)","profilePath":"/7rmNOnNvoGUQdkil4RXBBaaAT4X.jpg"},{"id":1210634,"gender":0,"name":"Nobunaga Shimazaki","character":"Tsukasa Fuji (voice)","profilePath":null}]},"374720":{"id":374720,"title":"Dunkirk","tagline":"Survival is Victory","overview":"The story of the miraculous evacuation of Allied soldiers from Belgium, Britain, Canada and France, who were cut off and surrounded by the German army from the beaches and harbour of Dunkirk between May 26th and June 4th 1940 during World War II.","popularity":36.152587,"rating":7.4,"ratingCount":6107,"runtime":107,"releaseDate":"2017-07-19","revenue":525573161,"budget":100000000,"posterPath":"/ebSnODDg9lbsMIaWg2uAbjn7TO5.jpg","originalLanguage":"en","genres":[{"id":28,"name":"Action"},{"id":18,"name":"Drama"},{"id":36,"name":"History"},{"id":53,"name":"Thriller"},{"id":10752,"name":"War"}],"cast":[{"id":1687041,"gender":2,"name":"Fionn Whitehead","character":"Tommy","profilePath":"/4Mcr9R91aAewAhG03HOfgTrF2WW.jpg"},{"id":1765227,"gender":2,"name":"Tom Glynn-Carney","character":"Peter Dawson","profilePath":"/9J32nef6iZT7g7ah3gF4xznVRU5.jpg"},{"id":1334638,"gender":2,"name":"Jack Lowden","character":"Collins","profilePath":"/fKfaubGWh4QnupDAQ0K2lWBjJYX.jpg"},{"id":1052109,"gender":2,"name":"Harry Styles","character":"Alex","profilePath":"/4xE26jBRq4cLbl8ZIlxGEYqKaHw.jpg"},{"id":145143,"gender":2,"name":"Aneurin Barnard","character":"Gibson","profilePath":"/yQcdY4HPMMzzw2S052nTuPHIuZJ.jpg"},{"id":19655,"gender":2,"name":"James D'Arcy","character":"Lieutenant-Colonel Winnant, BEF","profilePath":"/geQAp8kKkMDXE5iCcC3rf7z4Fx3.jpg"},{"id":1290466,"gender":2,"name":"Barry Keoghan","character":"George Mills","profilePath":"/15xPjrzSbtXlbQUhmLpQUil4tCN.jpg"}]},"381288":{"id":381288,"title":"Split","tagline":"Kevin has 23 distinct personalities. The 24th is about to be unleashed.","overview":"Though Kevin has evidenced 23 personalities to his trusted psychiatrist, Dr. Fletcher, there remains one still submerged who is set to materialize and dominate all the others. Compelled to abduct three teenage girls led by the willful, observant Casey, Kevin reaches a war for survival among all of those contained within him — as well as everyone around him — as the walls between his compartments shatter apart.","popularity":32.967733,"rating":7.1,"ratingCount":6558,"runtime":117,"releaseDate":"2017-01-19","revenue":278304578,"budget":9000000,"posterPath":"/rXMWOZiCt6eMX22jWuTOSdQ98bY.jpg","originalLanguage":"en","genres":[{"id":27,"name":"Horror"},{"id":53,"name":"Thriller"}],"cast":[{"id":5530,"gender":2,"name":"James McAvoy","character":"Dennis / Patricia / Hedwig / The Beast / Kevin Wendell Crumb / Barry / Orwell / Jade","profilePath":"/cHHDjnhvgeT4TNEovAZCeYNz6Nc.jpg"},{"id":1397778,"gender":1,"name":"Anya Taylor-Joy","character":"Casey Cooke","profilePath":"/v2EH3lNF9d5wmsq8B4l3EKl0sC.jpg"},{"id":52462,"gender":1,"name":"Betty Buckley","character":"Dr. Karen Fletcher","profilePath":"/pP5F1yNuvYfvMuft578k6dwgtAh.jpg"},{"id":1286328,"gender":1,"name":"Haley Lu Richardson","character":"Claire Benoit","profilePath":"/cRjprfkKiP8a0SzO38tIALkEpA7.jpg"},{"id":1221085,"gender":1,"name":"Jessica Sula","character":"Marcia","profilePath":"/aTPAdd2NCAquGZLpb3CgfhfDcvj.jpg"},{"id":15376,"gender":2,"name":"Brad William Henke","character":"Uncle John","profilePath":"/mrczPKKtc6a2AuVAdjqLLTnWhh5.jpg"},{"id":103545,"gender":0,"name":"Sebastian Arcelus","character":"Casey's Father","profilePath":"/eAxdz0t6jFhBvd6WL3tIqYR2vhO.jpg"}]},"383498":{"id":383498,"title":"Deadpool 2","tagline":"Prepare for the Second Coming.","overview":"Wisecracking mercenary Deadpool battles the evil and powerful Cable and other bad guys to save a boy's life.","popularity":216.024836,"rating":8,"ratingCount":673,"runtime":119,"releaseDate":"2018-05-15","revenue":301336221,"budget":110000000,"posterPath":"/to0spRl1CMDvyUbOnbb4fTk3VAd.jpg","originalLanguage":"en","genres":[{"id":28,"name":"Action"},{"id":35,"name":"Comedy"},{"id":878,"name":"Science Fiction"}],"cast":[{"id":10859,"gender":2,"name":"Ryan Reynolds","character":"Wade Wilson / Deadpool / Juggernaut (voice) / Juggernaut (facial mocap)","profilePath":"/h1co81QaT2nJA41Sb7eZwmWl1L2.jpg"},{"id":16851,"gender":2,"name":"Josh Brolin","character":"Nathan Summers / Cable","profilePath":"/x8KKnvHyPvH16M6waAnY1OeCtA8.jpg"},{"id":54882,"gender":1,"name":"Morena Baccarin","character":"Vanessa Carlysle","profilePath":"/dhdQT0fMRcbg8Gi9nx7JF0oVzzr.jpg"},{"id":1139349,"gender":0,"name":"Julian Dennison","character":"Rusty Collins / Fire Fist","profilePath":"/ApBsNEF9JnXDJ27XLaWnRXdVCQz.jpg"},{"id":1545693,"gender":1,"name":"Zazie Beetz","character":"Neena Thurman / Domino","profilePath":"/sgxzT54GnvgeMnOZgpQQx9csAdd.jpg"},{"id":51990,"gender":2,"name":"T.J. Miller","character":"Jack \"Weasel\" Hammer","profilePath":"/wkm8YvulYwuB4pxEvOAlwv8AWdr.jpg"},{"id":1492326,"gender":1,"name":"Brianna Hildebrand","character":"Ellie Phimister / Negasonic Teenage Warhead","profilePath":"/fQ9XYd0c42WdHdcTjOihiNwrPre.jpg"}]},"384680":{"id":384680,"title":"Hostiles","tagline":"No peace without sacrifice","overview":"A legendary Native American-hating Army captain nearing retirement in 1892 is given one last assignment: to escort a Cheyenne chief and his family through dangerous territory back to his Montana reservation.","popularity":26.687702,"rating":6.4,"ratingCount":451,"runtime":133,"releaseDate":"2017-12-22","revenue":29815215,"budget":55000000,"posterPath":"/rqoezyB51GfhiloOB5ZErg5HXas.jpg","originalLanguage":"en","genres":[{"id":12,"name":"Adventure"},{"id":18,"name":"Drama"},{"id":37,"name":"Western"},{"id":36,"name":"History"}],"cast":[{"id":3894,"gender":2,"name":"Christian Bale","character":"Captain Joseph J. Blocker","profilePath":"/pPXnqoGD91znz4FwQ6aKuxi6Pcy.jpg"},{"id":10882,"gender":1,"name":"Rosamund Pike","character":"Rosalie Quaid","profilePath":"/wevcai4tcGA5niawACntEzgZsKN.jpg"},{"id":15853,"gender":2,"name":"Wes Studi","character":"Yellow Hawk","profilePath":"/hIi9rjpOR4az0oJfvlx0FnKSJLv.jpg"},{"id":88124,"gender":2,"name":"Jesse Plemons","character":"Lieutenant Rudy Kidder","profilePath":"/4fdE4D8e2DEtFL4QgdorQOAI9RT.jpg"},{"id":33527,"gender":2,"name":"Adam Beach","character":"Black Hawk","profilePath":"/83RxYduQiVZ19iJn4sC66jO38KL.jpg"},{"id":51792,"gender":2,"name":"Rory Cochrane","character":"1st Sergeant Thomas Metz","profilePath":"/nSwd3TTKPCgZyuO5DqGAzAXQUnF.jpg"},{"id":11107,"gender":2,"name":"Ben Foster","character":"Sergeant Charles Wills","profilePath":"/kETVqU8PMDM44wM5mxPeegdGt2F.jpg"}]},"385332":{"id":385332,"title":"Terminal","tagline":"Revenge never looked so good","overview":"In the dark heart of a sprawling, anonymous city, two assassins carrying out a sinister mission, a teacher battles a fatal illness, and an enigmatic janitor and a curious waitress leading dangerous double lives. Murderous consequences unravel in the dead of night as their lives all intertwine at the hands of a mysterious criminal mastermind hell-bent on revenge.","popularity":35.606867,"rating":5.8,"ratingCount":22,"runtime":90,"releaseDate":"2018-05-11","revenue":0,"budget":0,"posterPath":"/xi7pA3lL6Wb78p6Y6PgWoHDMjrM.jpg","originalLanguage":"en","genres":[{"id":53,"name":"Thriller"},{"id":18,"name":"Drama"},{"id":80,"name":"Crime"}],"cast":[{"id":234352,"gender":1,"name":"Margot Robbie","character":"Annie / Bonnie","profilePath":"/tN5jVaEYV52zNC8e5MJAXjvti3w.jpg"},{"id":11108,"gender":2,"name":"Simon Pegg","character":"Bill","profilePath":"/23e2uoNlpDvLumNic16fS2YjZjL.jpg"},{"id":974,"gender":2,"name":"Dexter Fletcher","character":"Vince","profilePath":"/did9anJiAFYvTbeQyNZaxts7GaT.jpg"},{"id":12073,"gender":2,"name":"Mike Myers","character":"Clinton / Mr. Franklyn","profilePath":"/sa8MMxXZrHgQ85hTAP11WS4N3ik.jpg"},{"id":232396,"gender":2,"name":"Max Irons","character":"Alfred","profilePath":"/mFKJvG49Gr1Fb0HgsTDg4YSZzJc.jpg"},{"id":549981,"gender":1,"name":"Katarina Čas","character":"Chloe Merryweather","profilePath":"/2bomOAN5dJhJ107uatP2L1FBOVm.jpg"},{"id":975,"gender":2,"name":"Nick Moran","character":"Illing","profilePath":"/jf5M1SxmWFOm8lsOmxlFGSaUSm6.jpg"}]},"387592":{"id":387592,"title":"Early Man","tagline":"Time to Test Their Metal","overview":"Set at the dawn of time when dinosaurs and woolly mammoths roamed the earth, Early Man tells the story of how one plucky caveman unites his tribe against a mighty enemy and saves the day.","popularity":35.234149,"rating":5.8,"ratingCount":92,"runtime":89,"releaseDate":"2018-01-26","revenue":22900000,"budget":50000000,"posterPath":"/hXukFwTKOe7izDsf3ZOdeYikRxF.jpg","originalLanguage":"en","genres":[{"id":10751,"name":"Family"},{"id":35,"name":"Comedy"},{"id":16,"name":"Animation"}],"cast":[{"id":37632,"gender":2,"name":"Eddie Redmayne","character":"Dug (voice)","profilePath":"/bHipa1GkpedD32w2OIRg5axdkQ6.jpg"},{"id":91606,"gender":2,"name":"Tom Hiddleston","character":"Lord Nooth (voice)","profilePath":"/qB1lHPFBPIzw6I7EvsciZ5wyUNS.jpg"},{"id":1181313,"gender":1,"name":"Maisie Williams","character":"Goona (voice)","profilePath":"/6tatYKQDbqz7uGXlIRJGOAvq0ZR.jpg"},{"id":9191,"gender":2,"name":"Timothy Spall","character":"Chief Bobnar (voice)","profilePath":"/yMClxMrLdOXk37RGvrqJEWjg9ko.jpg"},{"id":98103,"gender":2,"name":"Richard Ayoade","character":"Treebor (voice)","profilePath":"/qHKoy9kP4bsv4G9EkvU4FMUmYkS.jpg"},{"id":52889,"gender":2,"name":"Johnny Vegas","character":"Asbo (voice)","profilePath":"/jw3TDmE7ryslB7uYVpyjieO48EC.jpg"},{"id":20999,"gender":2,"name":"Mark Williams","character":"Barry (voice)","profilePath":"/mDcipTHC41LIHMx0UJxpF6YOQGw.jpg"}]},"392044":{"id":392044,"title":"Murder on the Orient Express","tagline":"Everyone is a suspect","overview":"Genius Belgian detective Hercule Poirot investigates the murder of an American tycoon aboard the Orient Express train.","popularity":33.600392,"rating":6.7,"ratingCount":3043,"runtime":114,"releaseDate":"2017-11-03","revenue":351717054,"budget":55000000,"posterPath":"/iBlfxlw8qwtUS0R8YjIU7JtM6LM.jpg","originalLanguage":"en","genres":[{"id":80,"name":"Crime"},{"id":18,"name":"Drama"},{"id":9648,"name":"Mystery"}],"cast":[{"id":11181,"gender":2,"name":"Kenneth Branagh","character":"Hercule Poirot","profilePath":"/bmpGjbqvAVNOK3ggiuET2Jl96tZ.jpg"},{"id":955,"gender":1,"name":"Penélope Cruz","character":"Pilar Estravados","profilePath":"/dcPSUfxMa791NZvrFiBc3ReDdpU.jpg"},{"id":5293,"gender":2,"name":"Willem Dafoe","character":"Gerhard Hardman / Cyrus Hardman","profilePath":"/7t8fhfaFBoS9VOo3OPXCfK516eI.jpg"},{"id":5309,"gender":1,"name":"Judi Dench","character":"Princess Natalia Dragomiroff","profilePath":"/2is9RvJ3BQAku2EtCmyk5EZoxzT.jpg"},{"id":85,"gender":2,"name":"Johnny Depp","character":"Samuel Ratchett / John Cassetti","profilePath":"/ea4fTp9T8Zy2KWxyFsqDIBgHZmb.jpg"},{"id":54415,"gender":2,"name":"Josh Gad","character":"Hector MacQueen","profilePath":"/6ctni3kK4lPteBAInd7kKZyCdZD.jpg"},{"id":937,"gender":2,"name":"Derek Jacobi","character":"Edward Masterman","profilePath":"/jJ4MkVS59gCfJhWMfLTbeHKjoyC.jpg"}]},"396371":{"id":396371,"title":"Molly's Game","tagline":"Deal with her.","overview":"Molly Bloom, a young skier and former Olympic hopeful becomes a successful entrepreneur (and a target of an FBI investigation) when she establishes a high-stakes, international poker game.","popularity":29.87256,"rating":7,"ratingCount":842,"runtime":140,"releaseDate":"2017-12-21","revenue":28780744,"budget":30000000,"posterPath":"/h9hUP5ZJGsjL2wbERrGlj4dMjZq.jpg","originalLanguage":"en","genres":[{"id":80,"name":"Crime"},{"id":18,"name":"Drama"}],"cast":[{"id":83002,"gender":1,"name":"Jessica Chastain","character":"Molly Bloom","profilePath":"/nkFrkn5NZVGWb4b2X0yIcXezhyt.jpg"},{"id":17605,"gender":2,"name":"Idris Elba","character":"Charlie Jaffey","profilePath":"/d9NkfCwczP0TjgrjpF94jF67SK8.jpg"},{"id":1269,"gender":2,"name":"Kevin Costner","character":"Larry Bloom","profilePath":"/ePo87kGyyY8JZ3z7Zm7Z2GYdmJ8.jpg"},{"id":39995,"gender":2,"name":"Michael Cera","character":"Player X","profilePath":"/kxeJQa9Ae7Ns1J1b5012SMeyXn2.jpg"},{"id":239271,"gender":2,"name":"Jeremy Strong","character":"Dean Keith","profilePath":"/3tgZpVUjqNwolUXX0FhFSCADi3y.jpg"},{"id":40477,"gender":2,"name":"Chris O'Dowd","character":"Douglas Downey","profilePath":"/xhfgliN8DInDVBliPq7JDeKNCvz.jpg"},{"id":121718,"gender":2,"name":"Bill Camp","character":"Harlan Eustice","profilePath":"/yZFata0EVr7TbIAz8vZFyiDKDts.jpg"}]},"396806":{"id":396806,"title":"Anon","tagline":"Anonymity is the enemy","overview":"Set in a near-future world where there is no privacy, ignorance or anonymity, our private memories are recorded and crime almost ceases to exist. In trying to solve a series of unsolved murders, Sal Frieland stumbles onto a young woman who appears to have subverted the system and disappeared. She has no identity, no history and no record. Sal realizes it may not be the end of crime but the beginning. Known only as 'The Girl', Sal must find her before he becomes the next victim.","popularity":27.647244,"rating":5.9,"ratingCount":127,"runtime":100,"releaseDate":"2018-05-03","revenue":0,"budget":20000000,"posterPath":"/xhBTO9n3fxy3HJt7WlR9h9vvVmk.jpg","originalLanguage":"en","genres":[{"id":878,"name":"Science Fiction"},{"id":53,"name":"Thriller"}],"cast":[{"id":71070,"gender":1,"name":"Amanda Seyfried","character":"The Girl","profilePath":"/rkMBMJyRekUnZf59ipVRrtw74xk.jpg"},{"id":2296,"gender":2,"name":"Clive Owen","character":"Sal Frieland","profilePath":"/jm2as6tLcvHCYQvmMYM4VK6JEnr.jpg"},{"id":94958,"gender":2,"name":"Iddo Goldberg","character":"Joseph Kenik","profilePath":"/dJGHbLmYKxLy87jduKGm5jDtBnR.jpg"},{"id":225411,"gender":2,"name":"Mark O'Brien","character":"Cyrus Frear","profilePath":"/7tET8iVIFyXFfluv4OWWFDUm2wW.jpg"},{"id":10132,"gender":2,"name":"Colm Feore","character":"Detective Charles Gattis","profilePath":"/ack88BRQ7mApRMOdaiOqEUh2FDu.jpg"},{"id":47953,"gender":1,"name":"Sonya Walger","character":"Kristen","profilePath":"/mpmHO3H12QORbG9y6hQ8ff2yncd.jpg"},{"id":86237,"gender":2,"name":"Joe Pingue","character":"Lester Goodman","profilePath":"/if9jRWeC6olBqiAOmT6Fb0cOSpe.jpg"}]},"398818":{"id":398818,"title":"Call Me by Your Name","tagline":"","overview":"Elio Perlman is spending the summer with his family at their vacation home in Lombardy, Italy. When his father hires a handsome doctoral student, the curious 17-year-old finds himself developing a growing attraction to the young man.","popularity":24.219103,"rating":8.3,"ratingCount":2245,"runtime":132,"releaseDate":"2017-09-01","revenue":40353565,"budget":3500000,"posterPath":"/nPTjj6ZfBXXBwOhd7iUy6tyuKWt.jpg","originalLanguage":"en","genres":[{"id":10749,"name":"Romance"},{"id":18,"name":"Drama"}],"cast":[{"id":1190668,"gender":2,"name":"Timothée Chalamet","character":"Elio Perlman","profilePath":"/gz5kyVsUzOratQmGHdDg3AnxP9h.jpg"},{"id":53807,"gender":2,"name":"Armie Hammer","character":"Oliver","profilePath":"/2zq984Jrw53AxDshTQPKpTPGLe8.jpg"},{"id":72873,"gender":2,"name":"Michael Stuhlbarg","character":"Samuel Perlman","profilePath":"/seBk12MUK51aUoYX4OW1itfOpJ6.jpg"},{"id":20577,"gender":1,"name":"Amira Casar","character":"Annella Perlman","profilePath":"/cSKff4J5gT6vMW9EsAwFWwOIHb7.jpg"},{"id":935096,"gender":1,"name":"Esther Garrel","character":"Marzia","profilePath":"/km79Neoe5tLwgbiBzq72pR7pdxY.jpg"},{"id":1592949,"gender":1,"name":"Victoire Du Bois","character":"Chiara","profilePath":"/c5jlxSh0iHyBMVeqW5FS3qjIobP.jpg"},{"id":1789600,"gender":0,"name":"Vanda Capriolo","character":"Mafalda","profilePath":"/oZz3RnL0veM2oxohNzLXiO9BUbr.jpg"}]},"399035":{"id":399035,"title":"The Commuter","tagline":"Lives are on the line","overview":"A businessman on his daily commute home gets unwittingly caught up in a criminal conspiracy that threatens not only his life but the lives of those around him.","popularity":58.424717,"rating":5.9,"ratingCount":1097,"runtime":104,"releaseDate":"2018-01-11","revenue":119757158,"budget":30000000,"posterPath":"/rDeGK6FIUfVcXmuBdEORPAGPMNg.jpg","originalLanguage":"en","genres":[{"id":28,"name":"Action"},{"id":80,"name":"Crime"},{"id":18,"name":"Drama"},{"id":9648,"name":"Mystery"},{"id":53,"name":"Thriller"}],"cast":[{"id":3896,"gender":2,"name":"Liam Neeson","character":"Michael MacCauley","profilePath":"/9mdAohLsDu36WaXV2N3SQ388bvz.jpg"},{"id":21657,"gender":1,"name":"Vera Farmiga","character":"Joanna","profilePath":"/oWZfxv4cK0h8Jcyz1MvvT2osoAP.jpg"},{"id":17178,"gender":2,"name":"Patrick Wilson","character":"Alex Murphy","profilePath":"/djhTpbOvrfdDsWZFFintj2Uv47a.jpg"},{"id":783,"gender":2,"name":"Jonathan Banks","character":"Walt","profilePath":"/s6K0lromCtmSTzuX9hig8OPiRsC.jpg"},{"id":4783,"gender":2,"name":"Sam Neill","character":"Captain Hawthorne","profilePath":"/9uvfpHrMIl8CiztkNb3hJPYbYao.jpg"},{"id":4513,"gender":1,"name":"Elizabeth McGovern","character":"Karen MacCauley","profilePath":"/egt1d836NcYDTeiokz5Im8gHU4r.jpg"},{"id":1189005,"gender":2,"name":"Killian Scott","character":"Dylan","profilePath":"/tZ3xmEXFuWI6BICCNCTeqE4Pdhq.jpg"}]},"399055":{"id":399055,"title":"The Shape of Water","tagline":"A Fairy Tale for Troubled Times","overview":"An other-worldly story, set against the backdrop of Cold War era America circa 1962, where a mute janitor working at a lab falls in love with an amphibious man being held captive there and devises a plan to help him escape.","popularity":46.01813,"rating":7.3,"ratingCount":3907,"runtime":123,"releaseDate":"2017-12-01","revenue":194672570,"budget":19500000,"posterPath":"/k4FwHlMhuRR5BISY2Gm2QZHlH5Q.jpg","originalLanguage":"en","genres":[{"id":18,"name":"Drama"},{"id":14,"name":"Fantasy"},{"id":10749,"name":"Romance"}],"cast":[{"id":39658,"gender":1,"name":"Sally Hawkins","character":"Elisa Esposito","profilePath":"/aV85ryQtFk12JoKDh9cQvmqdKGO.jpg"},{"id":335,"gender":2,"name":"Michael Shannon","character":"Richard Strickland","profilePath":"/5yGCJ6znHM96zTfW2LNP6uPPDCZ.jpg"},{"id":28633,"gender":2,"name":"Richard Jenkins","character":"Giles","profilePath":"/iz61iPIgNUp0yk48bRNjEJ5GHO4.jpg"},{"id":6944,"gender":1,"name":"Octavia Spencer","character":"Zelda Fuller","profilePath":"/4FEVru6fBFyJECqwqjHwlZdsL4c.jpg"},{"id":72873,"gender":2,"name":"Michael Stuhlbarg","character":"Dr. Robert Hoffstetler","profilePath":"/seBk12MUK51aUoYX4OW1itfOpJ6.jpg"},{"id":17005,"gender":2,"name":"Doug Jones","character":"The Asset","profilePath":"/rpvvWATYWHGjedJea0G97XufOwU.jpg"},{"id":5892,"gender":2,"name":"David Hewlett","character":"Fleming","profilePath":"/yntJ7Lur8LmjQ9rTfoVzlKb5WsX.jpg"}]},"399174":{"id":399174,"title":"Isle of Dogs","tagline":"Welcome to the Isle of Dogs.","overview":"In the future, an outbreak of canine flu leads the mayor of a Japanese city to banish all dogs to an island that's a garbage dump. The outcasts must soon embark on an epic journey when a 12-year-old boy arrives on the island to find his beloved pet.","popularity":22.358468,"rating":7.9,"ratingCount":407,"runtime":101,"releaseDate":"2018-03-23","revenue":19405171,"budget":0,"posterPath":"/c0nUX6Q1ZB0P2t1Jo6EeFSVnOGQ.jpg","originalLanguage":"en","genres":[{"id":12,"name":"Adventure"},{"id":35,"name":"Comedy"},{"id":16,"name":"Animation"}],"cast":[{"id":17419,"gender":2,"name":"Bryan Cranston","character":"Chief (voice)","profilePath":"/9dvZ0Id5RtnCGianoayNJBFrNVU.jpg"},{"id":819,"gender":2,"name":"Edward Norton","character":"Rex (voice)","profilePath":"/eIkFHNlfretLS1spAcIoihKUS62.jpg"},{"id":1532,"gender":2,"name":"Bill Murray","character":"Boss (voice)","profilePath":"/cA3ncPFv1oFZYx4AaiQDbHSDy9e.jpg"},{"id":4785,"gender":2,"name":"Jeff Goldblum","character":"Duke (voice)","profilePath":"/m8p62pvkVtPxkfAIJhb5AgGw8kA.jpg"},{"id":12438,"gender":2,"name":"Bob Balaban","character":"King (voice)","profilePath":"/3g7IKz8ycv0opDxmpoBxsQkUslU.jpg"},{"id":1714579,"gender":0,"name":"Kunichi Nomura","character":"Mayor Kobayashi (voice)","profilePath":"/ucTt3qc3L0dDa6usU4Gxv4xTMbB.jpg"},{"id":3899,"gender":2,"name":"Ken Watanabe","character":"Head Surgeon (voice)","profilePath":"/v8WQ5wCIZsnqVZn7jQveaDqurox.jpg"}]},"399404":{"id":399404,"title":"Darkest Hour","tagline":"Never never never surrender","overview":"A thrilling and inspiring true story begins on the eve of World War II as, within days of becoming Prime Minister of Great Britain, Winston Churchill must face one of his most turbulent and defining trials: exploring a negotiated peace treaty with Nazi Germany, or standing firm to fight for the ideals, liberty and freedom of a nation. As the unstoppable Nazi forces roll across Western Europe and the threat of invasion is imminent, and with an unprepared public, a skeptical King, and his own party plotting against him, Churchill must withstand his darkest hour, rally a nation, and attempt to change the course of world history.","popularity":34.713697,"rating":7.2,"ratingCount":1526,"runtime":125,"releaseDate":"2017-11-22","revenue":147568410,"budget":30000000,"posterPath":"/z0K8uoNbrYKkbaP7wIeadJ4BmSL.jpg","originalLanguage":"en","genres":[{"id":18,"name":"Drama"},{"id":36,"name":"History"}],"cast":[{"id":64,"gender":2,"name":"Gary Oldman","character":"Winston Churchill","profilePath":"/tofLS5A6lBXNjeROGvgpfe2JwaT.jpg"},{"id":5470,"gender":1,"name":"Kristin Scott Thomas","character":"Clementine Churchill","profilePath":"/9NuZGaPn3Z1svlbF9ZkdtjgrHZo.jpg"},{"id":1016168,"gender":1,"name":"Lily James","character":"Elizabeth Layton","profilePath":"/rfN0XMbIQLvgGvm4V8ZaTcFa1II.jpg"},{"id":8435,"gender":2,"name":"Stephen Dillane","character":"Edward Wood, 3rd Viscount Halifax","profilePath":"/x86B8ZaOKrYJM0pUYtzKTlEn7SS.jpg"},{"id":32556,"gender":2,"name":"Ronald Pickup","character":"Neville Chamberlain","profilePath":"/qfalfVqzO5MPiWDomDgVWNzCNtq.jpg"},{"id":77335,"gender":2,"name":"Ben Mendelsohn","character":"George VI","profilePath":"/7wuqoqwDOMi6k1Y4zNzGPPsiQKy.jpg"},{"id":26121,"gender":2,"name":"Nicholas Jones","character":"John Simon, 1st Viscount Simon","profilePath":"/y71QhccNtxrU0XoX7Rc8EEuiy4H.jpg"}]},"401905":{"id":401905,"title":"Fahrenheit 451","tagline":"Knowledge is a dangerous thing","overview":"In an oppressive future, a 'fireman' whose duty is to destroy all books begins to question his task.","popularity":29.591864,"rating":6.2,"ratingCount":17,"runtime":100,"releaseDate":"2018-05-19","revenue":0,"budget":0,"posterPath":"/urH9H50gKbUK8U6qTVd89SLQPjx.jpg","originalLanguage":"en","genres":[{"id":18,"name":"Drama"},{"id":878,"name":"Science Fiction"}],"cast":[{"id":135651,"gender":2,"name":"Michael B. Jordan","character":"Guy Montag","profilePath":"/xjMZd0k7G0nN6BXTjQBzf3Gyrz7.jpg"},{"id":335,"gender":2,"name":"Michael Shannon","character":"Captain Beatty","profilePath":"/5yGCJ6znHM96zTfW2LNP6uPPDCZ.jpg"},{"id":568657,"gender":1,"name":"Sofia Boutella","character":"Clarisse McClellan","profilePath":"/btLeUFNIGTxG7FecTMRztSALj6L.jpg"},{"id":1606394,"gender":1,"name":"Laura Harrier","character":"Millie Montag","profilePath":"/k3rnbeFB4GEp9vOvgdZ33M2IEHq.jpg"},{"id":1576058,"gender":1,"name":"Lilly Singh","character":"Raven","profilePath":"/1MFzZCfa64J7h181CmOiMXlnUOf.jpg"},{"id":1362948,"gender":1,"name":"Jane Moffat","character":"Sam Sheppard","profilePath":"/x8hRTny8olUJYGyH7K3zDUUHIqk.jpg"},{"id":1497754,"gender":0,"name":"Andy McQueen","character":"Gustavo","profilePath":"/4HVSycyCeWNumlEonFWSvCKimom.jpg"}]},"401981":{"id":401981,"title":"Red Sparrow","tagline":"Seduce. Deceive. Repeat.","overview":"Prima ballerina, Dominika Egorova faces a bleak and uncertain future after she suffers an injury that ends her career. She soon turns to Sparrow School, a secret intelligence service that trains exceptional young people to use their minds and bodies as weapons. Dominika emerges as the most dangerous Sparrow after completing the sadistic training process. As she comes to terms with her new abilities, she meets a CIA agent who tries to convince her that he is the only person she can trust.","popularity":136.701812,"rating":6.4,"ratingCount":1149,"runtime":140,"releaseDate":"2018-03-01","revenue":144948738,"budget":69000000,"posterPath":"/vLCogyfQGxVLDC1gqUdNAIkc29L.jpg","originalLanguage":"en","genres":[{"id":9648,"name":"Mystery"},{"id":53,"name":"Thriller"}],"cast":[{"id":72129,"gender":1,"name":"Jennifer Lawrence","character":"Dominika Egorova","profilePath":"/naZyy9IqAQDaAbr1kYShLdg6aPR.jpg"},{"id":33192,"gender":2,"name":"Joel Edgerton","character":"Nathaniel \"Natan\" Nash","profilePath":"/ibDHt0Fl4eOdYgNzO9yV80EPRlm.jpg"},{"id":73381,"gender":2,"name":"Matthias Schoenaerts","character":"Vanya Egorov","profilePath":"/ts1OM0hD0n5E9CellezLQNO5ziq.jpg"},{"id":44079,"gender":1,"name":"Charlotte Rampling","character":"\"Matron\"","profilePath":"/pAAnXd7XUfjxB6E0sdKfHlS2WgF.jpg"},{"id":16940,"gender":2,"name":"Jeremy Irons","character":"Vladimir Korchnoi","profilePath":"/9AWphjIgGX7JjTrwrx3tsTZlUgv.jpg"},{"id":8785,"gender":2,"name":"Ciarán Hinds","character":"Alexei Zyuganov","profilePath":"/h5n8B12WoY1UAZjzSVEup4vsoBw.jpg"},{"id":20810,"gender":1,"name":"Joely Richardson","character":"Nina Egorova","profilePath":"/fgjpKio6sMD5AxOWQwAdgJQErhm.jpg"}]},"406563":{"id":406563,"title":"Insidious: The Last Key","tagline":"Fear comes home.","overview":"Parapsychologist Elise Rainier and her team travel to Five Keys, N.M., to investigate a man's claim of a haunting. Terror soon strikes when Rainier realizes that the house he lives in was her family's old home.","popularity":29.313537,"rating":6,"ratingCount":666,"runtime":118,"releaseDate":"2018-01-03","revenue":167184112,"budget":10000000,"posterPath":"/nb9fc9INMg8kQ8L7sE7XTNsZnUX.jpg","originalLanguage":"en","genres":[{"id":9648,"name":"Mystery"},{"id":27,"name":"Horror"},{"id":53,"name":"Thriller"}],"cast":[{"id":7401,"gender":1,"name":"Lin Shaye","character":"Elise Rainier","profilePath":"/erD3UM1YDkRS46D3XkhTSNXtRyg.jpg"},{"id":59117,"gender":2,"name":"Angus Sampson","character":"Tucker","profilePath":"/5Wx3B06uTy58kLGdPVuuPUCVKxU.jpg"},{"id":2128,"gender":2,"name":"Leigh Whannell","character":"Specs","profilePath":"/cEy5gYVsjC7YL5Q53lkwjqYWP22.jpg"},{"id":40039,"gender":2,"name":"Josh Stewart","character":"Gerald Rainier","profilePath":"/x9ZQibxASPwVWGeQn4Y5dcU2ZJG.jpg"},{"id":1069630,"gender":1,"name":"Caitlin Gerard","character":"Imogen Rainier","profilePath":"/lJqVpEdZffZ6TmcsOYj9oKZBt9c.jpg"},{"id":57192,"gender":1,"name":"Spencer Locke","character":"Melissa Rainier","profilePath":"/sjF789noj4npjF9Mcbq92lscEx9.jpg"},{"id":1096077,"gender":1,"name":"Tessa Ferrer","character":"Audrey Rainier","profilePath":"/t4kwC5f3lNXCeDpmAaRJri6uYHU.jpg"}]},"406990":{"id":406990,"title":"What Happened to Monday","tagline":"Seven sisters. One identity.","overview":"In a world where families are limited to one child due to overpopulation, a set of identical septuplets must avoid being put to a long sleep by the government and dangerous infighting while investigating the disappearance of one of their own.","popularity":29.868661,"rating":7.2,"ratingCount":1978,"runtime":123,"releaseDate":"2017-08-18","revenue":0,"budget":0,"posterPath":"/o6EsOqITcSzcdwD1zxBM9imdxjr.jpg","originalLanguage":"en","genres":[{"id":878,"name":"Science Fiction"},{"id":53,"name":"Thriller"},{"id":18,"name":"Drama"}],"cast":[{"id":87722,"gender":1,"name":"Noomi Rapace","character":"The Settman Siblings / Karen Settman","profilePath":"/xllWXMaKlPSQ9LUkG9niugX8vOx.jpg"},{"id":515,"gender":1,"name":"Glenn Close","character":"Nicolette Cayman","profilePath":"/fF6tCfuvuUhaePm5onUNnIE4FvL.jpg"},{"id":5293,"gender":2,"name":"Willem Dafoe","character":"Terrence Settman","profilePath":"/7t8fhfaFBoS9VOo3OPXCfK516eI.jpg"},{"id":935235,"gender":0,"name":"Marwan Kenzari","character":"Adrian Knowles","profilePath":"/k0qx65csI86rAFBR4Sal7phY3Vl.jpg"},{"id":47647,"gender":0,"name":"Christian Rubeck","character":"Joe","profilePath":"/6KHeIoaS3eIn2TVBEyatMdFwEWv.jpg"},{"id":76556,"gender":2,"name":"Pål Sverre Hagen","character":"Jerry","profilePath":"/mPwnLY3xbGKYsVW46NQCptR15tj.jpg"},{"id":1576541,"gender":0,"name":"Tommy Edun","character":"Eddie","profilePath":"/nRWNLYdSSAkK7YliAP98sG4vz0g.jpg"}]},"406997":{"id":406997,"title":"Wonder","tagline":"Are you ready to meet Auggie Pullman?","overview":"The story of August Pullman – a boy with facial differences – who enters fifth grade, attending a mainstream elementary school for the first time.","popularity":36.500685,"rating":8.2,"ratingCount":1927,"runtime":113,"releaseDate":"2017-11-13","revenue":300503113,"budget":20000000,"posterPath":"/ouYgAatYH4JzIThj6FI3UYf31RI.jpg","originalLanguage":"en","genres":[{"id":18,"name":"Drama"},{"id":10751,"name":"Family"}],"cast":[{"id":1277188,"gender":2,"name":"Jacob Tremblay","character":"August 'Auggie' Pullman","profilePath":"/7ePQeYnYbTSOAVxPNEN166Rr3GI.jpg"},{"id":1204,"gender":1,"name":"Julia Roberts","character":"Isabel Pullman","profilePath":"/h13yvG0tRNMTAwciQXxYmQWdYW8.jpg"},{"id":887,"gender":2,"name":"Owen Wilson","character":"Nate Pullman","profilePath":"/j7oYgvfDiO34VcFdSB7GhM2CSle.jpg"},{"id":1109976,"gender":1,"name":"Izabela Vidovic","character":"Olivia 'Via' Pullman","profilePath":"/q8lxW2OaUmP5OF8SkntIp2vPcDX.jpg"},{"id":25503,"gender":2,"name":"Mandy Patinkin","character":"Lawrence Tushman","profilePath":"/4yUgIErXR9G70fj6V38YVfzJ4Tv.jpg"},{"id":1652371,"gender":2,"name":"Daveed Diggs","character":"Thomas Browne","profilePath":"/1LLtCpfMOsumo42iIzr1djkesGM.jpg"},{"id":1590759,"gender":2,"name":"Noah Jupe","character":"Jack Will","profilePath":"/nlYNme15ON67ofOuHMDnW3Zl42K.jpg"}]},"419430":{"id":419430,"title":"Get Out","tagline":"Just because you're invited, doesn't mean you're welcome.","overview":"Chris and his girlfriend Rose go upstate to visit her parents for the weekend. At first, Chris reads the family's overly accommodating behavior as nervous attempts to deal with their daughter's interracial relationship, but as the weekend progresses, a series of increasingly disturbing discoveries lead him to a truth that he never could have imagined.","popularity":30.962028,"rating":7.4,"ratingCount":5513,"runtime":104,"releaseDate":"2017-02-24","revenue":255017329,"budget":4500000,"posterPath":"/1SwAVYpuLj8KsHxllTF8Dt9dSSX.jpg","originalLanguage":"en","genres":[{"id":9648,"name":"Mystery"},{"id":53,"name":"Thriller"},{"id":27,"name":"Horror"}],"cast":[{"id":206919,"gender":2,"name":"Daniel Kaluuya","character":"Chris Washington","profilePath":"/24trqMr2PBwAmttp9X4F3ZErgt4.jpg"},{"id":1255540,"gender":1,"name":"Allison Williams","character":"Rose Armitage","profilePath":"/6BktLbqNlOPTP4IoM8TPuKL6N5L.jpg"},{"id":11367,"gender":2,"name":"Bradley Whitford","character":"Dean Armitage","profilePath":"/66brylvzWLg94TRMd6QFrVyMOei.jpg"},{"id":2229,"gender":1,"name":"Catherine Keener","character":"Missy Armitage","profilePath":"/vcFhHN9rnSym73Nr0bnRJOVnc9u.jpg"},{"id":572541,"gender":2,"name":"Caleb Landry Jones","character":"Jeremy Armitage","profilePath":"/a5RwSg8YN9JW0VZqekIbiJlLVhJ.jpg"},{"id":17401,"gender":2,"name":"Stephen Root","character":"Jim Hudson","profilePath":"/sceCvLiv8xe2jQzrVn39wvosVHG.jpg"},{"id":1200864,"gender":2,"name":"Keith Stanfield","character":"Andre Hayworth / Logan King","profilePath":"/ygw9WoPVn5cZ4k7Sfu6CqfjNcTF.jpg"}]},"419831":{"id":419831,"title":"I Kill Giants","tagline":"","overview":"Barbara Thorson struggles through life by escaping into a fantasy life of magic and monsters.","popularity":27.505115,"rating":6.1,"ratingCount":123,"runtime":106,"releaseDate":"2018-03-09","revenue":0,"budget":15100000,"posterPath":"/cvit6HDbXHE6W5kGPd47jd0wthQ.jpg","originalLanguage":"en","genres":[{"id":53,"name":"Thriller"},{"id":18,"name":"Drama"},{"id":14,"name":"Fantasy"}],"cast":[{"id":1330999,"gender":1,"name":"Madison Wolfe","character":"Barbara Thorson","profilePath":"/qvAaB02INi8xCVy2BPzVWjYF1vR.jpg"},{"id":8691,"gender":1,"name":"Zoe Saldana","character":"Mrs. Mollé","profilePath":"/ofNrWiA2KDdqiNxFTLp51HcXUlp.jpg"},{"id":17606,"gender":1,"name":"Imogen Poots","character":"Karen Thorson","profilePath":"/jhirGwxoletj6wAzAttWJj3ra3H.jpg"},{"id":76242,"gender":2,"name":"Noel Clarke","character":"Mr. Mollé","profilePath":"/2ggZZ3bHvXyvD2fODiAjLLTQ4kx.jpg"},{"id":1704564,"gender":1,"name":"Ciara O'Callaghan","character":"Theresa Tuzzo","profilePath":"/oCa7JtpHcelvD49xfOwTSbOfN4K.jpg"},{"id":1228965,"gender":1,"name":"Sydney Wade","character":"Sophia","profilePath":"/h3ygcNT2d5ZwpwSHQFbeuIPu4YN.jpg"},{"id":1722422,"gender":0,"name":"Rory Jackson","character":"Taylor","profilePath":null}]},"423646":{"id":423646,"title":"In the Fade","tagline":"","overview":"Katja's life falls apart in the blink of an eye when two neo-Nazis kill her husband and 6-year-old son in a bomb attack. Her quest for justice soon pushes her to the edge as the two suspects stand trial for murder.","popularity":29.11656,"rating":7.1,"ratingCount":167,"runtime":106,"releaseDate":"2017-11-23","revenue":223437,"budget":0,"posterPath":"/qaLbKxjHaOkY7lT6jmsS1lsRocy.jpg","originalLanguage":"de","genres":[{"id":18,"name":"Drama"},{"id":80,"name":"Crime"}],"cast":[{"id":9824,"gender":1,"name":"Diane Kruger","character":"Katja Sekerci","profilePath":"/zbRqfYLEkhbqcmR9GYyg1nhYHVz.jpg"},{"id":16250,"gender":2,"name":"Denis Moschitto","character":"Danilo Fava","profilePath":"/mHFhG5ooyLxkk8Oc21TFvgoKE78.jpg"},{"id":35434,"gender":2,"name":"Numan Acar","character":"Nuri Sekerci","profilePath":"/cJ0wLZDcyFKbRslfVNtiyl3XJqC.jpg"},{"id":78231,"gender":2,"name":"Johannes Krisch","character":"Habberbeck","profilePath":"/28jMQgqVloCK3HAljhLHopV7aVx.jpg"},{"id":8198,"gender":2,"name":"Ulrich Tukur","character":"Jürgen Möller","profilePath":"/assJYvivgfukHFWim6o9T3sUmu9.jpg"},{"id":1449964,"gender":2,"name":"Ulrich Brandhoff","character":"André Möller","profilePath":"/j5zKBLKGM9C42Pgv86AvMKEq58J.jpg"},{"id":24060,"gender":0,"name":"Laurens Walter","character":"Kommissar Fischer","profilePath":"/mX4zNMdw6qgMBnFdnIbp3I3Ph9V.jpg"}]},"427641":{"id":427641,"title":"Rampage","tagline":"Big meets bigger","overview":"Primatologist Davis Okoye shares an unshakable bond with George, the extraordinarily intelligent, silverback gorilla who has been in his care since birth.  But a rogue genetic experiment gone awry mutates this gentle ape into a raging creature of enormous size.  To make matters worse, it’s soon discovered there are other similarly altered animals.  As these newly created alpha predators tear across North America, destroying everything in their path, Okoye teams with a discredited genetic engineer to secure an antidote, fighting his way through an ever-changing battlefield, not only to halt a global catastrophe but to save the fearsome creature that was once his friend.","popularity":131.335881,"rating":5.9,"ratingCount":580,"runtime":107,"releaseDate":"2018-04-12","revenue":397144663,"budget":120000000,"posterPath":"/30oXQKwibh0uANGMs0Sytw3uN22.jpg","originalLanguage":"en","genres":[{"id":28,"name":"Action"},{"id":12,"name":"Adventure"},{"id":878,"name":"Science Fiction"}],"cast":[{"id":18918,"gender":2,"name":"Dwayne Johnson","character":"Davis Okoye","profilePath":"/akweMz59qsSoPUJYe7QpjAc2rQp.jpg"},{"id":2038,"gender":1,"name":"Naomie Harris","character":"Dr. Kate Caldwell","profilePath":"/3Y55D8wZgg4CkKadhXvSh91Q121.jpg"},{"id":50463,"gender":1,"name":"Malin Åkerman","character":"Claire Wyden","profilePath":"/sQ18pOQEgu1zsmaIVEw5GwIMgpn.jpg"},{"id":47296,"gender":2,"name":"Jeffrey Dean Morgan","character":"Agent Russwell","profilePath":"/6ors2HGy8UdXm8kBx6on0HwRHB5.jpg"},{"id":496470,"gender":2,"name":"Jake Lacy","character":"Brett Wyden","profilePath":"/qU6n9EaesBGqhNLlj5BecUrb5LW.jpg"},{"id":20580,"gender":2,"name":"Joe Manganiello","character":"Burke","profilePath":"/zgnBSFYsRX7oN1YvU5ZuSoe12x1.jpg"},{"id":6407,"gender":1,"name":"Marley Shelton","character":"Dr. Kerry Atkins","profilePath":"/n3XgupzMwQfX7YyTjolsnbhIIyV.jpg"}]},"429351":{"id":429351,"title":"12 Strong","tagline":"The declassified true story of the horse soldiers","overview":"A team of CIA agents and special forces head into Afghanistan in the aftermath of the September 11th attacks in an attempt to dismantle the Taliban.","popularity":30.498996,"rating":4.9,"ratingCount":550,"runtime":130,"releaseDate":"2018-01-18","revenue":62928960,"budget":0,"posterPath":"/j18021qCeRi3yUBtqd2UFj1c0RQ.jpg","originalLanguage":"en","genres":[{"id":10752,"name":"War"},{"id":18,"name":"Drama"},{"id":36,"name":"History"}],"cast":[{"id":74568,"gender":2,"name":"Chris Hemsworth","character":"Captain Mitch Nelson","profilePath":"/lrhth7yK9p3vy6p7AabDUM1THKl.jpg"},{"id":335,"gender":2,"name":"Michael Shannon","character":"Chief Warrant Officer Hal Spencer","profilePath":"/5yGCJ6znHM96zTfW2LNP6uPPDCZ.jpg"},{"id":454,"gender":2,"name":"Michael Peña","character":"Sgt First Class Sam Diller","profilePath":"/oqlIKSglghuX7kSTalODn71nlOd.jpg"},{"id":1650301,"gender":2,"name":"Trevante Rhodes","character":"Sgt First Class Ben Milo","profilePath":"/knTgoykLiZsbONTwYmz1je9MwA6.jpg"},{"id":103330,"gender":2,"name":"Navid Negahban","character":"General Dostum","profilePath":"/qxp9X0SIA0FWts2qK60IcrmUhnF.jpg"},{"id":22128,"gender":2,"name":"Geoff Stults","character":"Sean Coffers","profilePath":"/qK8b5FKl5UZmVPTPFYiWyGKCnf7.jpg"},{"id":60076,"gender":2,"name":"Thad Luckinbill","character":"Vern Michaels","profilePath":"/slnwMyaoNK6IY4LYjdNUHIEdm5Y.jpg"}]},"437557":{"id":437557,"title":"Blockers","tagline":"Teens out to have fun. Parents out to stop it.","overview":"When three parents discover their daughters’ pact to lose their virginity at prom, they launch a covert one-night operation to stop the teens from sealing the deal.","popularity":37.782274,"rating":6.2,"ratingCount":128,"runtime":102,"releaseDate":"2018-03-30","revenue":36402288,"budget":21000000,"posterPath":"/cx0LpfM6Drla8uzFfMT09uqKPRu.jpg","originalLanguage":"en","genres":[{"id":35,"name":"Comedy"}],"cast":[{"id":41087,"gender":1,"name":"Leslie Mann","character":"Lisa Decker","profilePath":"/epM29FmcrLX5HaFIKYChr7wL4gM.jpg"},{"id":198150,"gender":2,"name":"Ike Barinholtz","character":"Hunter","profilePath":"/aMkElR018PyLdgiXbyIjXbFfbSZ.jpg"},{"id":56446,"gender":2,"name":"John Cena","character":"Mitchell","profilePath":"/WbnZd6SK3DRlQBBW1yP1xHwlbs.jpg"},{"id":221192,"gender":1,"name":"Kathryn Newton","character":"Julie Decker","profilePath":"/josGaRCnTXIKQWSU09RxqKE5S8F.jpg"},{"id":2028008,"gender":0,"name":"Amelia Oswald","character":"12-Year-Old Julie","profilePath":null},{"id":1427081,"gender":0,"name":"Audrey Casson","character":"12-Year-Old Julie","profilePath":null},{"id":2028009,"gender":0,"name":"Anniston Almond","character":"5-Year-Old Julie","profilePath":null}]},"445571":{"id":445571,"title":"Game Night","tagline":"This is not a game.","overview":"Max and Annie's weekly game night gets kicked up a notch when Max's brother Brooks arranges a murder mystery party -- complete with fake thugs and federal agents. So when Brooks gets kidnapped, it's all supposed to be part of the game. As the competitors set out to solve the case, they start to learn that neither the game nor Brooks are what they seem to be. The friends soon find themselves in over their heads as each twist leads to another unexpected turn over the course of one chaotic night.","popularity":85.743485,"rating":7,"ratingCount":632,"runtime":100,"releaseDate":"2018-02-22","revenue":114093654,"budget":37000000,"posterPath":"/85R8LMyn9f2Lev2YPBF8Nughrkv.jpg","originalLanguage":"en","genres":[{"id":9648,"name":"Mystery"},{"id":35,"name":"Comedy"},{"id":80,"name":"Crime"},{"id":53,"name":"Thriller"}],"cast":[{"id":23532,"gender":2,"name":"Jason Bateman","character":"Max","profilePath":"/ttzLpjvcLkvXyyTBpjmZw11tjlr.jpg"},{"id":53714,"gender":1,"name":"Rachel McAdams","character":"Annie","profilePath":"/j7EhBy7O6IbCdcTlXFNKHYS5StH.jpg"},{"id":141034,"gender":2,"name":"Billy Magnussen","character":"Ryan","profilePath":"/beXgMEBhkWS8BUsc69ojIOGiakV.jpg"},{"id":21676,"gender":1,"name":"Sharon Horgan","character":"Sarah","profilePath":"/yA0fsFe7mq21rTRLJXmJTgxZD6D.jpg"},{"id":1181327,"gender":2,"name":"Lamorne Morris","character":"Kevin","profilePath":"/qYbRsbxKsKExq0M0A21kX4duD9F.jpg"},{"id":999346,"gender":1,"name":"Kylie Bunbury","character":"Michelle","profilePath":"/yBsolJ7nC9ExQ17HwYSLBsotTvb.jpg"},{"id":88124,"gender":2,"name":"Jesse Plemons","character":"Gary Kingsbury","profilePath":"/4fdE4D8e2DEtFL4QgdorQOAI9RT.jpg"}]},"446354":{"id":446354,"title":"The Post","tagline":"Truth be told","overview":"A cover-up that spanned four U.S. Presidents pushed the country's first female newspaper publisher and a hard-driving editor to join an unprecedented battle between journalist and government. Inspired by true events.","popularity":27.992039,"rating":7,"ratingCount":1320,"runtime":116,"releaseDate":"2018-01-11","revenue":174449132,"budget":50000000,"posterPath":"/h4XG3g6uMMPIBPjAoQhC2QIMdkl.jpg","originalLanguage":"en","genres":[{"id":18,"name":"Drama"},{"id":36,"name":"History"}],"cast":[{"id":5064,"gender":1,"name":"Meryl Streep","character":"Kay Graham","profilePath":"/jsjuUW07WTinnb1d0GcK2wCwZvE.jpg"},{"id":31,"gender":2,"name":"Tom Hanks","character":"Ben Bradlee","profilePath":"/a14CNByTYALAPSGlwlmfHILpEIW.jpg"},{"id":34490,"gender":1,"name":"Sarah Paulson","character":"Tony Bradlee","profilePath":"/v8NuPMfw0QSSpgeMuJp12Ijd52M.jpg"},{"id":59410,"gender":2,"name":"Bob Odenkirk","character":"Ben Bagdikian","profilePath":"/1NrWxUR86TnHzqxl4Cs9qTzJhtm.jpg"},{"id":72638,"gender":2,"name":"Tracy Letts","character":"Fritz Beebe","profilePath":"/lW2NSl9E2cCmqEm1RaG8h4o1Qsg.jpg"},{"id":11367,"gender":2,"name":"Bradley Whitford","character":"Arthur Parsons","profilePath":"/66brylvzWLg94TRMd6QFrVyMOei.jpg"},{"id":21089,"gender":2,"name":"Bruce Greenwood","character":"Robert McNamara","profilePath":"/his8sEwC8FLC4dAxVSu9GNicE6Z.jpg"}]},"446791":{"id":446791,"title":"All the Money in the World","tagline":"J. Paul Getty had a fortune. Everyone else paid the price.","overview":"The story of the kidnapping of 16-year-old John Paul Getty III and the desperate attempt by his devoted mother to convince his billionaire grandfather Jean Paul Getty to pay the ransom.","popularity":31.324601,"rating":6.3,"ratingCount":593,"runtime":132,"releaseDate":"2017-12-13","revenue":44264523,"budget":50000000,"posterPath":"/3Y3wNbBozb84vB1djVNw1jVYJv0.jpg","originalLanguage":"en","genres":[{"id":53,"name":"Thriller"},{"id":18,"name":"Drama"},{"id":80,"name":"Crime"},{"id":9648,"name":"Mystery"}],"cast":[{"id":1812,"gender":1,"name":"Michelle Williams","character":"Gail Harris","profilePath":"/sXTP6wlqIDz1tDGLU3DFbklSTpq.jpg"},{"id":290,"gender":2,"name":"Christopher Plummer","character":"John Paul Getty","profilePath":"/fauMGxa6dc86nHNenQ8X6DlE6YV.jpg"},{"id":13240,"gender":2,"name":"Mark Wahlberg","character":"Fletcher Chase","profilePath":"/z2wJh5n7qZRUE1y9uB8UrivAV2b.jpg"},{"id":17497,"gender":2,"name":"Romain Duris","character":"Cinquanta","profilePath":"/2pFMVxyKbVkULNWqXbqFb3TV7zK.jpg"},{"id":1440574,"gender":2,"name":"Charlie Plummer","character":"John Paul Getty III","profilePath":"/u2ig0kkgxq36BMbFQ4DEWfu5G3A.jpg"},{"id":1637129,"gender":0,"name":"Charlie Shotwell","character":"John Paul Getty III (Age 7)","profilePath":"/lNRwJ9afyDI1hccWGxQcAKZ5RMA.jpg"},{"id":16327,"gender":2,"name":"Timothy Hutton","character":"Oswald Hinge","profilePath":"/ypC4mzLExwmG0QHfi8vFe9LTeSi.jpg"}]},"447332":{"id":447332,"title":"A Quiet Place","tagline":"If they hear you, they hunt you.","overview":"A family is forced to live in silence while hiding from creatures that hunt by sound.","popularity":42.505708,"rating":7.3,"ratingCount":1057,"runtime":95,"releaseDate":"2018-04-05","revenue":269952634,"budget":17000000,"posterPath":"/nAU74GmpUk7t5iklEp3bufwDq4n.jpg","originalLanguage":"en","genres":[{"id":18,"name":"Drama"},{"id":27,"name":"Horror"},{"id":53,"name":"Thriller"},{"id":878,"name":"Science Fiction"}],"cast":[{"id":5081,"gender":1,"name":"Emily Blunt","character":"Evelyn Abbott","profilePath":"/w5bjRgGy3vNkJqY97kbvTp7ldxb.jpg"},{"id":17697,"gender":2,"name":"John Krasinski","character":"Lee Abbott","profilePath":"/nOWwdZURikW22qo6OUSGFCTukgc.jpg"},{"id":1815539,"gender":1,"name":"Millicent Simmonds","character":"Regan Abbott","profilePath":"/pFfp32SDwEu9JFjgcAp3qYW0pnI.jpg"},{"id":1590759,"gender":2,"name":"Noah Jupe","character":"Marcus Abbott","profilePath":"/nlYNme15ON67ofOuHMDnW3Zl42K.jpg"},{"id":1924769,"gender":2,"name":"Cade Woodward","character":"Beau Abbott","profilePath":"/6tXfrNe9ilHeAby6Eg5tNvq5MGY.jpg"},{"id":2038219,"gender":0,"name":"Evangelina Cavoli","character":"Baby Abbott","profilePath":null},{"id":2038220,"gender":0,"name":"Ezekiel Cavoli","character":"Baby Abbott","profilePath":null}]},"449176":{"id":449176,"title":"Love, Simon","tagline":"He's done keeping his story straight.","overview":"Everyone deserves a great love story. But for seventeen-year old Simon Spier it's a little more complicated: he's yet to tell his family or friends he's gay and he doesn't know the identity of the anonymous classmate he's fallen for online.","popularity":23.935548,"rating":8.4,"ratingCount":238,"runtime":110,"releaseDate":"2018-03-16","revenue":54752030,"budget":17000000,"posterPath":"/5YUYg5q7QfC4IoNwNUtiwdiYKPr.jpg","originalLanguage":"en","genres":[{"id":35,"name":"Comedy"},{"id":18,"name":"Drama"},{"id":10749,"name":"Romance"}],"cast":[{"id":1108907,"gender":2,"name":"Nick Robinson","character":"Simon Spier","profilePath":"/33RypiHCQc3BkuzZ6WsonrhSIer.jpg"},{"id":19536,"gender":2,"name":"Josh Duhamel","character":"Jack Spier","profilePath":"/hi5OzlZAwf22xRRPLFbKnXNoZ9L.jpg"},{"id":9278,"gender":1,"name":"Jennifer Garner","character":"Emily Spier","profilePath":"/470yA7ZOiyAG6HvwjfiJRj3P5dq.jpg"},{"id":1591186,"gender":2,"name":"Bryson Pitts","character":"10-Year-Old Simon Spier","profilePath":"/2v6HVbMEkdpRGbo5QE1PqLTuEoF.jpg"},{"id":2008214,"gender":0,"name":"Nye Reynolds","character":"5-Year-Old Simon Spier","profilePath":"/id81lQTYJzBD0quqS8bbJ2JMlv1.jpg"},{"id":1636738,"gender":1,"name":"Katherine Langford","character":"Leah Burke","profilePath":"/rJcjIAfN6m9ivyXUxopgRJeDiEN.jpg"},{"id":1253199,"gender":1,"name":"Alexandra Shipp","character":"Abby Suso","profilePath":"/cWA3gBE6ihwONJzoy4ROYX584UW.jpg"}]},"449443":{"id":449443,"title":"Den of Thieves","tagline":"You’re not the bad guys. We are.","overview":"A gritty crime saga which follows the lives of an elite unit of the LA County Sheriff's Dept. and the state's most successful bank robbery crew as the outlaws plan a seemingly impossible heist on the Federal Reserve Bank.","popularity":37.872675,"rating":6.4,"ratingCount":496,"runtime":140,"releaseDate":"2018-01-18","revenue":79547622,"budget":30000000,"posterPath":"/AfybH6GbGFw1F9bcETe2yu25mIE.jpg","originalLanguage":"en","genres":[{"id":28,"name":"Action"},{"id":53,"name":"Thriller"},{"id":80,"name":"Crime"}],"cast":[{"id":17276,"gender":2,"name":"Gerard Butler","character":"Nick Flanagan","profilePath":"/i54XoxYieuff2w6MwyfwVUBvmR0.jpg"},{"id":59254,"gender":2,"name":"Pablo Schreiber","character":"Merrimen","profilePath":"/uo8YljeePz3pbj7gvWXdB4gOOW4.jpg"},{"id":92614,"gender":1,"name":"Dawn Olivieri","character":"Debbie","profilePath":"/ezcRQlpLaIE3jklAc7P3xdr3qjt.jpg"},{"id":1371398,"gender":0,"name":"O'Shea Jackson Jr.","character":"Donnie","profilePath":"/zov23iUpL3QFHqzjdtzrBGOQYaF.jpg"},{"id":62644,"gender":2,"name":"50 Cent","character":"Levi Enson","profilePath":"/gsEwsWWtC5xwFCzL2CnPmc24uIO.jpg"},{"id":333,"gender":2,"name":"Evan Jones","character":"Bosco","profilePath":"/l3HyrWJQZtb6GMmljTfbDR0Ve65.jpg"},{"id":111698,"gender":2,"name":"Cooper Andrews","character":"Mack","profilePath":"/uyvhcj3hrhCWqXmS4VSM36LhISt.jpg"}]},"453201":{"id":453201,"title":"The 15:17 to Paris","tagline":"In the face of fear ordinary people can do the extraordinary","overview":"In August 2015, an ISIS terrorist boarded train #9364 from Brussels to Paris. Armed with an AK-47 and enough ammo to kill more than 500 people, the terrorist might have succeeded except for three American friends who refused to give in to fear. One was a college student, one was a martial arts enthusiast and airman first class in the U.S. Air Force, and the other was a member of the Oregon National Guard, and all three pals proved fearless as they charged and ultimately overpowered the gunman after he emerged from a bathroom armed and ready to kill.","popularity":29.903715,"rating":5.1,"ratingCount":286,"runtime":94,"releaseDate":"2018-02-02","revenue":37587717,"budget":30000000,"posterPath":"/qxJQ0VBCuJkJhJmuWzxI408ngwd.jpg","originalLanguage":"en","genres":[{"id":18,"name":"Drama"},{"id":36,"name":"History"},{"id":53,"name":"Thriller"}],"cast":[{"id":1956663,"gender":2,"name":"Spencer Stone","character":"Himself","profilePath":"/yL6DJbzHmxhLwk5ajDrnMvaOiDX.jpg"},{"id":1956662,"gender":2,"name":"Alek Skarlatos","character":"Himself","profilePath":"/aoXqkTqbyoMkX0LbBa3ASFp7KGM.jpg"},{"id":1861739,"gender":2,"name":"Anthony Sadler","character":"Himself","profilePath":"/9xrFzaRCDzQKC3ki6m7h77nes3q.jpg"},{"id":1956664,"gender":2,"name":"Ray Corasani","character":"Ayoub","profilePath":"/dKlxWvrXnIX5UkOFHWXoLqO4CpB.jpg"},{"id":51856,"gender":1,"name":"Jenna Fischer","character":"Heidi Skarlatos","profilePath":"/oL9Ad0xFa2qcX5TefTtgApa7BbS.jpg"},{"id":20750,"gender":1,"name":"Judy Greer","character":"Joyce Eskel","profilePath":"/ooEejsGv4loFIKnbe2arzOwWy6H.jpg"},{"id":1668151,"gender":2,"name":"Bryce Gheisar","character":"Young Alek Skarlatos","profilePath":"/62kQs2PogzLtS56UDQMZGrtvDUW.jpg"}]},"460019":{"id":460019,"title":"Truth or Dare","tagline":"","overview":"A harmless game of “Truth or Dare” among friends turns deadly when someone—or something—begins to punish those who tell a lie—or refuse the dare.","popularity":44.167559,"rating":5.9,"ratingCount":146,"runtime":100,"releaseDate":"2018-04-12","revenue":0,"budget":3500000,"posterPath":"/zbvziwnZa91AJD78Si0hUb5JP5X.jpg","originalLanguage":"en","genres":[{"id":53,"name":"Thriller"},{"id":27,"name":"Horror"}],"cast":[{"id":205307,"gender":1,"name":"Lucy Hale","character":"Olivia Barron","profilePath":"/r3hs2FTSp0RvR7lB2jeqF6tNg9z.jpg"},{"id":53280,"gender":2,"name":"Tyler Posey","character":"Lucas Moreno","profilePath":"/4yQTHc4pofc1j3doHRDBwuSpJ2w.jpg"},{"id":1515230,"gender":1,"name":"Violett Beane","character":"Markie Cameron","profilePath":"/5NLMFf5a479V6mksvmSPEFhRNNj.jpg"},{"id":1163789,"gender":1,"name":"Sophia Taylor Ali","character":"Penelope Amari","profilePath":"/msqG0Pn3dDdME6GPuPLqVV1pQDl.jpg"},{"id":138558,"gender":2,"name":"Landon Liboiron","character":"Carter","profilePath":"/rNy43Z8SoweYLrIc7KQCrVmFbdi.jpg"},{"id":82819,"gender":2,"name":"Nolan Gerard Funk","character":"Tyson Curran","profilePath":"/ngXbdQRDXQRWpHgWrrjyunWMKai.jpg"},{"id":57191,"gender":2,"name":"Sam Lerner","character":"Ronnie","profilePath":"/fwSZ1JzsWUHW1daTtLdL661LAXZ.jpg"}]},"462593":{"id":462593,"title":"What the Waters Left Behind","tagline":"","overview":"Epecuén was one of the most important touristic villages of Argentina. Thousands of people concurred, attracted by the healing properties of its thermal waters. On November 10th 1985, a huge volume of water broke the protecting embankment and the village was submerged under ten meters of salt water. Epecuén disappeared. Thirty years later, the waters receded and the ruins of Epecuén emerged exposing a bleak and deserted landscape. The residents never returned.  The plot revolves around a group of young people that take a trip to the ruins in order to film a documentary about Epecuén. Ignoring the warnings, and after a brief tour, they get stranded in the abandoned village. Contrary to what they thought, they begin to realize that they are really not alone…","popularity":68.503368,"rating":5.1,"ratingCount":20,"runtime":null,"releaseDate":"2017-10-11","revenue":0,"budget":0,"posterPath":"/4lJS2NUtcgyJPjOPfFlXcHzHu0D.jpg","originalLanguage":"es","genres":[{"id":27,"name":"Horror"}],"cast":[{"id":567742,"gender":1,"name":"Paula Brasca","character":"","profilePath":"/81SGgcq2A1qqcnNgo3e5aOgr9BQ.jpg"},{"id":1036284,"gender":1,"name":"Mirta Busnelli","character":"","profilePath":"/c4crh6gbMWLPqorG2VCz42HmZB2.jpg"},{"id":117818,"gender":1,"name":"Victoria Maurette","character":"","profilePath":null},{"id":1299876,"gender":0,"name":"Pablo Guisa Koestinger","character":"Truck Driver","profilePath":null},{"id":1836141,"gender":0,"name":"Victorio D'Alessandro","character":"","profilePath":null},{"id":1698080,"gender":0,"name":"Chucho Fernandez","character":"","profilePath":null},{"id":995616,"gender":0,"name":"Damián Dreizik","character":"","profilePath":null}]},"467938":{"id":467938,"title":"Revenge","tagline":"","overview":"The story sees three wealthy, middle-aged CEOs – all married family men – get together for their annual hunting game in a desert canyon. It’s a way for them to let off steam and affirm their manhood with guns. But this time, one of them has come along with his young mistress, a sexy Lolita who quickly arouses the interest of the two others... Things get out of hand... Left for dead in the middle of this arid hell, the young woman comes back to life, and the hunting game turns into a ruthless manhunt...","popularity":31.338943,"rating":6.8,"ratingCount":64,"runtime":108,"releaseDate":"2018-02-07","revenue":0,"budget":0,"posterPath":"/lqRS44Ow197JWt2R32FkcQsIvAT.jpg","originalLanguage":"en","genres":[{"id":28,"name":"Action"},{"id":53,"name":"Thriller"},{"id":27,"name":"Horror"}],"cast":[{"id":1464589,"gender":1,"name":"Matilda Anna Ingrid Lutz","character":"Jen","profilePath":"/psZWmon6qEdCtlUC9wx4pIBubt3.jpg"},{"id":220990,"gender":0,"name":"Kevin Janssens","character":"Richard","profilePath":"/cmtvc6xtXJVdQ4LqcRsaOUZB5Pc.jpg"},{"id":1607019,"gender":0,"name":"Vincent Colombe","character":"Stan","profilePath":"/gX6p0VVA8PDmh9R1svg0ssky9za.jpg"},{"id":1795276,"gender":0,"name":"Guillaume Bouchède","character":"Dimitri","profilePath":"/lDbqPkRMBW4S1LVHRs15bjcQzAD.jpg"},{"id":1920887,"gender":2,"name":"Avant Strangel","character":"V Soap Opera Actor (voice) (uncredited)","profilePath":null}]},"470114":{"id":470114,"title":"24 Hours to Live","tagline":"Contracted to kill. Fighting to survive.","overview":"An assassin seeks redemption after being given a second chance at life.","popularity":23.271221,"rating":5.5,"ratingCount":121,"runtime":94,"releaseDate":"2017-10-26","revenue":0,"budget":0,"posterPath":"/w0MXP33x1bq48TDC7IaNqQ8nxcc.jpg","originalLanguage":"en","genres":[{"id":28,"name":"Action"},{"id":878,"name":"Science Fiction"},{"id":53,"name":"Thriller"},{"id":9648,"name":"Mystery"}],"cast":[{"id":569,"gender":2,"name":"Ethan Hawke","character":"Travis Conrad","profilePath":"/kcby6VYk6Gb0036nUyh8chY5ZAJ.jpg"},{"id":78879,"gender":1,"name":"Xu Qing","character":"Lin Bisset","profilePath":"/tm6NxUw1NkBrt4XPbwY04Virm9z.jpg"},{"id":220448,"gender":2,"name":"Paul Anderson","character":"Jim Morrow","profilePath":"/fHLtf1RvQ2i6ZudyL0WRwmEeTxv.jpg"},{"id":585,"gender":2,"name":"Rutger Hauer","character":"Frank","profilePath":"/2x1S2VAUvZXZuDjZ4E9iEKINvNu.jpg"},{"id":1332516,"gender":0,"name":"Tyrone Keogh","character":"Keith Zera","profilePath":"/u1YSzj3plyo1mZuPNDCyuHgxdzh.jpg"},{"id":97599,"gender":1,"name":"Nathalie Boltt","character":"Dr. Helen","profilePath":"/5bpt1IKXPqsgDxOJ2BdGKoQCAV3.jpg"},{"id":15498,"gender":2,"name":"Liam Cunningham","character":"Wetzler","profilePath":"/8RMX0M8AEaldVAC6WUJIViUdDkm.jpg"}]},"472454":{"id":472454,"title":"Ayla: The Daughter of War","tagline":"","overview":"In 1950, amidst the ravages of the Korean War, Sergeant Süleyman stumbles upon a a half-frozen little girl, with no parents and no help in sight. Frantic, scared and on the verge of death, this little girl captures the heart of Süleyman, who risks his own life to save her, smuggling her into his Army base and out of harms way. Not knowing her name and unable to communicate with her, Süleyman names her Ayla, in reminiscence of the moon on the fateful night during which they met. The two form an instantaneous and inseparable bond, and Ayla, almost effortlessly, brings an uncanny joy to the Turkish brigade in the grip of war. As the war comes to a close however, Süleyman's brigade is told that they will be returning home. Süleyman cannot bear abandoning Ayla, and does everything within his power to take her with him. After repeated failure, he is forced to give Ayla to an orphanage, but doesn't give up on the hope of one day reuniting with her. Will the two ever get back together?","popularity":24.345415,"rating":8.1,"ratingCount":27,"runtime":125,"releaseDate":"2017-10-27","revenue":0,"budget":4172781,"posterPath":"/iY1HQHv2ksUQrOM5YFtH3H7d9P.jpg","originalLanguage":"tr","genres":[{"id":18,"name":"Drama"},{"id":10752,"name":"War"},{"id":36,"name":"History"}],"cast":[{"id":93389,"gender":0,"name":"Çetin Tekindor","character":"Sergeant Süleyman","profilePath":"/gxrDmjHo2Y3ETgdLDrtM4VEKeGp.jpg"},{"id":106621,"gender":0,"name":"İsmail Hacıoğlu","character":"Young Sergeant Süleyman","profilePath":"/1nHLMrcZ5rTxhUSisPkAGEB07ic.jpg"},{"id":1876417,"gender":0,"name":"Kyung-jin Lee","character":"Ayla (Kim Eunja)","profilePath":"/xjgnqwNv2fYO789wTrDFqt071pa.jpg"},{"id":1876418,"gender":0,"name":"Kim Seol","character":"Young Ayla","profilePath":"/9h7ttc4IhGtcwncltdH98hB77Of.jpg"},{"id":1457752,"gender":2,"name":"Ali Atay","character":"Ali","profilePath":"/s8PkNVu6ceYnjIozRYqk5h6gMxG.jpg"},{"id":145500,"gender":0,"name":"Murat Yildirim","character":"Lieutenant Mesut","profilePath":"/eyRJ4rxPKmt7Q7lgE1lw5bf1EDe.jpg"},{"id":46065,"gender":0,"name":"Taner Birsel","character":"Major Fuat","profilePath":"/yGRLGzQywKLLKbUOvKz3TTBUXTN.jpg"}]},"476926":{"id":476926,"title":"The Titan","tagline":"Evolve or die","overview":"On a bleak future Earth, a soldier endures a radical genetic transformation to save humanity. But his wife fears he's becoming more creature than man.","popularity":39.657944,"rating":5.4,"ratingCount":291,"runtime":97,"releaseDate":"2018-03-30","revenue":0,"budget":0,"posterPath":"/qRmQazyIBZR4pQIk9VruiZul0Au.jpg","originalLanguage":"en","genres":[{"id":878,"name":"Science Fiction"},{"id":53,"name":"Thriller"}],"cast":[{"id":65731,"gender":2,"name":"Sam Worthington","character":"Lt. Rick Janssen","profilePath":"/9XzAE3ZnCnazub4xrSY8YBN7sNq.jpg"},{"id":221809,"gender":1,"name":"Taylor Schilling","character":"Dr. Abi Janssen","profilePath":"/zU5ebvbByiNZrDwjYJ6yJtiDvMb.jpg"},{"id":207,"gender":2,"name":"Tom Wilkinson","character":"Prof. Martin Collingwood","profilePath":"/4mxZKgdem0sQ8hJd0Y7TREwq7TJ.jpg"},{"id":1060671,"gender":1,"name":"Agyness Deyn","character":"Dr. Freya Upton","profilePath":"/7c3mQs3cfEhgrcYZBrIIGbJZ21V.jpg"},{"id":1251069,"gender":1,"name":"Nathalie Emmanuel","character":"W.O. Tally Rutherford","profilePath":"/yYiJwunH04doOZJgMu7qTZyrRYJ.jpg"},{"id":17199,"gender":2,"name":"Corey Johnson","character":"Petersen","profilePath":"/8jS7kzs01qMOHIltiDI2TQckmgs.jpg"},{"id":5497,"gender":2,"name":"Aleksandar Jovanović","character":"Sergeant Johan Werner","profilePath":"/pnXYdrWzQH5vknvyUbNwOfD0Ws8.jpg"}]},"479363":{"id":479363,"title":"Kamen Rider Heisei Generations FINAL: Build & Ex-Aid with Legend Riders","tagline":"The Shocking Final Chapter to Heisei!","overview":"Kamen Riders Build and Ex-Aid team up with the legendary heroes of the Heisei Generation - OOO, Fourze, Gaim, and Ghost.","popularity":64.016233,"rating":3.7,"ratingCount":6,"runtime":80,"releaseDate":"2017-12-09","revenue":10289397,"budget":0,"posterPath":"/cGhdduplj8YdAwg7iPCeGjO1YvZ.jpg","originalLanguage":"ja","genres":[{"id":28,"name":"Action"},{"id":12,"name":"Adventure"},{"id":878,"name":"Science Fiction"}],"cast":[{"id":1864577,"gender":2,"name":"Atsuhiro Inukai","character":"Sento Kiryuu / Kamen Rider Build","profilePath":"/2wgPIyTZHa9fEGG4AjvrfbfpVgf.jpg"},{"id":1728012,"gender":2,"name":"Hiroki Iijima","character":"Emu \"M\" Houjou / Kamen Rider Ex-Aid","profilePath":"/zB2SUINN4zgnqq3scNQQPHGQtvE.jpg"},{"id":1502226,"gender":2,"name":"Shun Nishime","character":"Takeru Tenkuuji / Kamen Rider Ghost","profilePath":"/aKswVsKRjDP7M1Uk4dQw9UTggmh.jpg"},{"id":1318729,"gender":2,"name":"Gaku Sano","character":"Kouta Kazuraba / Kamen Rider Gaim","profilePath":"/50G0iPWkn7xBR45pfO7BUUYTKZz.jpg"},{"id":1149334,"gender":0,"name":"Sota Fukushi","character":"Gentarou Kisaragi / Kamen Rider Fourze","profilePath":"/tJFDDJv18R9m87awU3G9HDSwcgg.jpg"},{"id":936281,"gender":0,"name":"Shu Watanabe","character":"Eiji Hino / Kamen Rider OOO","profilePath":"/qqNqFRTKemEJIkPW1ekN7I3oiVZ.jpg"},{"id":1509675,"gender":2,"name":"Eiji Akaso","character":"Ryuuga Banjou","profilePath":"/um09stSN8UtkLPIfuX9LspHQpHS.jpg"}]},"482560":{"id":482560,"title":"Covet: The Island of Desire","tagline":"","overview":"People who are on fishing boats in a secluded countryside wake up to their deepest desires.  Money, sex, power ... In the uninhabited desert where there is endless desire, it turns out that somebody is found as a body and another person is on the island.  Can they escape safely from the island of desire?","popularity":30.815767,"rating":2,"ratingCount":1,"runtime":81,"releaseDate":"2017-01-01","revenue":0,"budget":0,"posterPath":"/jPxatX1ReNULfOOZEDuc5o6T9nT.jpg","originalLanguage":"ko","genres":[{"id":10749,"name":"Romance"},{"id":18,"name":"Drama"}],"cast":[{"id":1215643,"gender":0,"name":"Kim Yeong-Hyeon","character":"","profilePath":null},{"id":1549900,"gender":1,"name":"Park Cho-hyeon","character":"","profilePath":null},{"id":1909557,"gender":0,"name":"Yu Naang","character":"","profilePath":null}]},"483877":{"id":483877,"title":"15+ IQ Krachoot","tagline":"","overview":"A teenage comedy film about a young Yorkie. \"Rising\" opened the first movie on screen.  The story of fun gangs of teenage age 15+ hormones gurgling at the curiosity to try on their love and sex has spread out.","popularity":35.69865,"rating":3.9,"ratingCount":21,"runtime":104,"releaseDate":"2017-08-03","revenue":0,"budget":0,"posterPath":"/1RxnEJzXYv5GgPszbHNsWTXPC6M.jpg","originalLanguage":"th","genres":[{"id":35,"name":"Comedy"}],"cast":[{"id":1862365,"gender":2,"name":"Yorch Yongsin Wongpanitnont","character":"ฉลาดเลิศ","profilePath":"/5I94vAtICAYL1yxvOvv0jbH520S.jpg"},{"id":1650340,"gender":0,"name":"Ploy Sornarin","character":"สุดารัตน์","profilePath":null},{"id":1913348,"gender":0,"name":"ธนเศรษฐ์ สุริยะพรชัยกุล","character":"โอหยอง","profilePath":null},{"id":1913350,"gender":0,"name":"ลิตา จันทร์วราภา","character":"เชอร์รี","profilePath":null},{"id":1913352,"gender":0,"name":"จิรกิตติ์ วงศ์ศรีเพ็ง","character":"โอบื้อ","profilePath":null},{"id":1913353,"gender":0,"name":"พินท์สุดา ตันฑ์ไพเราะห์","character":"อาอี๊","profilePath":null}]},"485942":{"id":485942,"title":"Batman Ninja","tagline":"","overview":"«Batman Ninja» takes a journey across the ages as Gorilla Grodd's time displacement machine transports many of Batman's worst enemies to feudal Japan —along with the Dark Knight and a few of his allies. The villains take over the forms of the feudal lords that rule the divided land, with the Joker taking the lead among the warring factions. As his traditional high-tech weaponry is exhausted almost immediately, Batman must rely on his intellect and his allies —including Catwoman and the extended Bat-family— to restore order to the land, and return to present-day Gotham City.","popularity":24.193477,"rating":6.3,"ratingCount":64,"runtime":85,"releaseDate":"2018-04-24","revenue":0,"budget":0,"posterPath":"/kZIrg87DiU1xKqCNcEV6LMfj3pS.jpg","originalLanguage":"ja","genres":[{"id":28,"name":"Action"},{"id":16,"name":"Animation"}],"cast":[{"id":20664,"gender":2,"name":"Kouichi Yamadera","character":"Batman / Bruce Wayne (voice)","profilePath":"/m5su8OKD2rZn9XWJfh8aPC403Nz.jpg"},{"id":112278,"gender":2,"name":"Wataru Takagi","character":"The Joker  (voice)","profilePath":"/j0mQoLTEwzWYoJTsPtl9X25V43R.jpg"},{"id":83928,"gender":1,"name":"Rie Kugimiya","character":"Harley Quinn / Harleen Quinzel (voice)","profilePath":"/4k7CLf1yPWtwZRkieAPYuKzEl3L.jpg"},{"id":1324646,"gender":1,"name":"Ai Kakuma","character":"Catwoman / Selina Kyle (voice)","profilePath":"/g7vys7fqqdn40ePXQgx3XWinxtw.jpg"},{"id":552683,"gender":0,"name":"Hōchū Ōtsuka","character":"Alfred Pennyworth (voice)","profilePath":"/9U0zHSf15fNqvMSImqCiIUnUBCk.jpg"},{"id":1241498,"gender":2,"name":"Daisuke Ono","character":"Nightwing / Dick Grayson (voice)","profilePath":"/zVXEvZtCGRhOYFOoaA5m0ZGX9Ta.jpg"},{"id":81244,"gender":2,"name":"Akira Ishida","character":"Red Hood / Jason Todd (voice)","profilePath":"/jnW2Gn2NlR2uwOCeyOuzypnTmkH.jpg"}]},"490214":{"id":490214,"title":"Iceman 2","tagline":"","overview":"The imperial guard and his three traitorous childhood friends ordered to hunt him down get accidentally buried and kept frozen in time. 400 years later pass and they are defrosted continuing the battle they left behind","popularity":62.493855,"rating":5.5,"ratingCount":2,"runtime":95,"releaseDate":"2018-05-18","revenue":0,"budget":0,"posterPath":"/enZENHd2gwVAw4sJKJxtJl1vJ09.jpg","originalLanguage":"cn","genres":[{"id":28,"name":"Action"},{"id":35,"name":"Comedy"},{"id":36,"name":"History"}],"cast":[{"id":1341,"gender":2,"name":"Donnie Yen","character":"Ying","profilePath":"/vlKBbOc0htUsDGvcxeULcFXDMRo.jpg"},{"id":71051,"gender":0,"name":"Baoqiang Wang","character":"Sao","profilePath":"/stiSbR39ALCYM7hSR5hhRqhChtm.jpg"},{"id":83635,"gender":1,"name":"Huang Sheng-Yi","character":"May","profilePath":"/mYicBPXX3hlmi2j5seXq2599KpM.jpg"},{"id":20519,"gender":2,"name":"Simon Yam","character":"","profilePath":"/Apus3dKsGBSRgsQg6N5T41F10at.jpg"},{"id":26756,"gender":2,"name":"Yasuaki Kurata","character":"","profilePath":"/xqh4U82vnUOJKs5fygWWejdpclx.jpg"}]},"499772":{"id":499772,"title":"Meet Me In St. Gallen","tagline":"","overview":"The story of Jesse and Celeste who meets at an unexpected time in their lives. They then realize their names are the same as the characters in the popular break-up romantic comedy, Celeste and Jesse Forever.","popularity":110.209884,"rating":5,"ratingCount":23,"runtime":94,"releaseDate":"2018-02-07","revenue":0,"budget":0,"posterPath":"/uGntNjUx6YAzbVy7RDgxWnWsdet.jpg","originalLanguage":"tl","genres":[{"id":18,"name":"Drama"},{"id":10749,"name":"Romance"}],"cast":[{"id":1308700,"gender":0,"name":"Bela Padilla","character":"Celeste","profilePath":"/sKlJLg3QV4Dzq0YQvWuh19lxws6.jpg"},{"id":113251,"gender":2,"name":"Carlo Aquino","character":"Jesse","profilePath":"/w2lyB3D7Ujh0eYByA8Oz9syxwTr.jpg"}]},"510819":{"id":510819,"title":"Dirty Dead Con Men","tagline":"In a world full of criminals...what difference do two more make?","overview":"A cool and dangerous neo-noir crime film that revolves around the disturbed lives of two unlikely partners: Mickey Rady, a rogue undercover cop and Kook Packard, a smooth and charismatic con man. Together they rip off those operating outside of the law...for their own personal gain. But things go awry when one heist suck them deep into a city-wide conspiracy...","popularity":543.737128,"rating":2.9,"ratingCount":8,"runtime":85,"releaseDate":"2018-03-30","revenue":0,"budget":0,"posterPath":"/r70GGoZ5PqqokDDRnVfTN7PPDtJ.jpg","originalLanguage":"en","genres":[{"id":28,"name":"Action"},{"id":80,"name":"Crime"},{"id":18,"name":"Drama"}],"cast":[{"id":37822,"gender":2,"name":"Peter Dobson","character":"Kook Packard","profilePath":"/3laM5gryWnG2tfjE2jt0UuPTFlp.jpg"},{"id":112532,"gender":2,"name":"Kevin Interdonato","character":"Mickey Rady","profilePath":"/cavKdabmGfvRVMXP85gC8WL6IHe.jpg"},{"id":2045259,"gender":0,"name":"Claudia Christian","character":"Donna","profilePath":null},{"id":54649,"gender":2,"name":"Louis Mandylor","character":"Agent Daniels","profilePath":"/4DCfloJ8CDsvchaKE0KdYW07obz.jpg"},{"id":1184094,"gender":0,"name":"Chris Caldovino","character":"Det. Rick","profilePath":null},{"id":18475,"gender":1,"name":"Kristen Dalton","character":"Aveline Packard","profilePath":"/hJE14DbGUWXVQHUxdIClpEcUfFo.jpg"},{"id":12056,"gender":2,"name":"Hawthorne James","character":"Art McCoy","profilePath":"/i7PiUf2mN7zs3V78NPlF79nCOZ4.jpg"}]},"521647":{"id":521647,"title":"Darc","tagline":"","overview":"To bring down a global human trafficking ring, an Interpol agent recruits the help of a brutal criminal with inside knowledge of the yakuza.","popularity":27.031647,"rating":6.2,"ratingCount":13,"runtime":97,"releaseDate":"2018-05-01","revenue":0,"budget":0,"posterPath":"/wJrijebKS7sNeYKwOTcpSBuPpJ6.jpg","originalLanguage":"en","genres":[{"id":28,"name":"Action"},{"id":53,"name":"Thriller"}],"cast":[{"id":132233,"gender":2,"name":"Tony Schiena","character":"Darc","profilePath":"/59WTrSZUac68C528rWAxAsADwR7.jpg"},{"id":23346,"gender":2,"name":"Armand Assante","character":"Lafique","profilePath":"/m9DCpe9HkIXEAp3aq1wKpmN8mih.jpg"},{"id":1561953,"gender":0,"name":"Sho Ikushima","character":"Shigeru Kageyama","profilePath":"/k4Za8FmGAglj0hqCnsd6STzsM5d.jpg"},{"id":92614,"gender":1,"name":"Dawn Olivieri","character":"Ivy","profilePath":"/ezcRQlpLaIE3jklAc7P3xdr3qjt.jpg"},{"id":60723,"gender":2,"name":"Kevan Ohtsji","character":"Kanji","profilePath":"/oM8mSNpr58cxOciQSS8FP9OcLxn.jpg"},{"id":1410489,"gender":0,"name":"Kippei Shîna","character":"Toshi Kageyama","profilePath":null},{"id":2033733,"gender":0,"name":"Tetsu Watanabe","character":"Ginzo Kageyama","profilePath":null}]}}